@BOOK{arrl1988,
   editor = {{Hall}, G.},
    title = "{The ARRL Antenna Book, 15th Edition}",
publisher = {American Radio Relay League, Newington, Connecticut, 1988.},
     year = 1988,
    chapter = {18},
    pages = {16},
}

@ARTICLE{baars_et_al1977,
   author = {{Baars}, J.~W.~M. and {Genzel}, R. and {Pauliny-Toth}, I.~I.~K. and 
    {Witzel}, A.},
    title = "{The absolute spectrum of CAS A - an accurate flux density scale and a set of secondary calibrators}",
  journal = {\aap},
     year = 1977,
    month = oct,
   volume = 61,
    pages = {99-106},
   adsurl = {http://adsabs.harvard.edu/abs/1977A%26A....61...99B},
  adsnote = {Provided by the SAO/NASA Astrophysics Data System}
}

@ARTICLE{barkana_loeb2005a,
   author = {{Barkana}, R. and {Loeb}, A.},
    title = "{A Method for Separating the Physics from the Astrophysics of High-Redshift 21 Centimeter Fluctuations}",
  journal = {\apjl},
   eprint = {arXiv:astro-ph/0409572},
     year = 2005,
    month = may,
   volume = 624,
    pages = {L65-L68},
      doi = {10.1086/430599},
   adsurl = {http://adsabs.harvard.edu/abs/2005ApJ...624L..65B},
  adsnote = {Provided by the SAO/NASA Astrophysics Data System}
}

@ARTICLE{barkana_loeb2005b,
   author = {{Barkana}, R. and {Loeb}, A.},
    title = "{Detecting the Earliest Galaxies through Two New Sources of 21 Centimeter Fluctuations}",
  journal = {\apj},
   eprint = {arXiv:astro-ph/0410129},
     year = 2005,
    month = jun,
   volume = 626,
    pages = {1-11},
      doi = {10.1086/429954},
   adsurl = {http://adsabs.harvard.edu/abs/2005ApJ...626....1B},
  adsnote = {Provided by the SAO/NASA Astrophysics Data System}
}

@ARTICLE{becker_et_al2001,
   author = {{Becker}, R.~H. and {Fan}, X. and {White}, R.~L. and {Strauss}, M.~A. and 
    {Narayanan}, V.~K. and {Lupton}, R.~H. and {Gunn}, J.~E. and 
    {Annis}, J. and {Bahcall}, N.~A. and {Brinkmann}, J. and {Connolly}, A.~J. and 
    {Csabai}, I. and {Czarapata}, P.~C. and {Doi}, M. and {Heckman}, T.~M. and 
    {Hennessy}, G.~S. and {Ivezi{\'c}}, {\v Z}. and {Knapp}, G.~R. and 
    {Lamb}, D.~Q. and {McKay}, T.~A. and {Munn}, J.~A. and {Nash}, T. and 
    {Nichol}, R. and {Pier}, J.~R. and {Richards}, G.~T. and {Schneider}, D.~P. and 
    {Stoughton}, C. and {Szalay}, A.~S. and {Thakar}, A.~R. and 
    {York}, D.~G.},
    title = "{Evidence for Reionization at z\~{}6: Detection of a Gunn-Peterson Trough in a z=6.28 Quasar}",
  journal = {\aj},
   eprint = {arXiv:astro-ph/0108097},
     year = 2001,
    month = dec,
   volume = 122,
    pages = {2850-2857},
      doi = {10.1086/324231},
   adsurl = {http://adsabs.harvard.edu/abs/2001AJ....122.2850B},
  adsnote = {Provided by the SAO/NASA Astrophysics Data System}
}

@ARTICLE{bernardi_et_al2010,
   author = {{Bernardi}, G. and {de Bruyn}, A.~G. and {Harker}, G. and {Brentjens}, M.~A. and 
    {Ciardi}, B. and {Jeli{\'c}}, V. and {Koopmans}, L.~V.~E. and 
    {Labropoulos}, P. and {Offringa}, A. and {Pandey}, V.~N. and 
    {Schaye}, J. and {Thomas}, R.~M. and {Yatawatta}, S. and {Zaroubi}, S.
    },
    title = "{Foregrounds for observations of the cosmological 21 cm line. II. Westerbork observations of the fields around 3C 196 and the North Celestial Pole}",
  journal = {\aap},
archivePrefix = "arXiv",
   eprint = {1002.4177},
 primaryClass = "astro-ph.CO",
 keywords = {polarization, diffuse radiation, cosmology: observations, ISM: general},
     year = 2010,
    month = nov,
   volume = 522,
    pages = {A67+},
      doi = {10.1051/0004-6361/200913420},
   adsurl = {http://adsabs.harvard.edu/abs/2010A%26A...522A..67B},
  adsnote = {Provided by the SAO/NASA Astrophysics Data System}
}

@ARTICLE{bhatnagar_et_al2008,
   author = {{Bhatnagar}, S. and {Cornwell}, T.~J. and {Golap}, K. and {Uson}, J.~M.
    },
    title = "{Correcting direction-dependent gains in the deconvolution of radio interferometric images}",
  journal = {\aap},
   eprint = {arXiv:0805.0834},
     year = 2008,
    month = aug,
   volume = 487,
    pages = {419-429},
      doi = {10.1051/0004-6361:20079284},
   adsurl = {http://ads.ari.uni-heidelberg.de/abs/2008A%26A...487..419B},
  adsnote = {Provided by the SAO/NASA Astrophysics Data System}
}

@BOOK{blackman_tukey1958,
   author = "Blackman, R.~B. and Tukey, J.~W.",
   title = "The measurement of power spectra",
   publisher = "Dover Publications Inc.",
   year = 1958,
}

@ARTICLE{bowman_et_al2007b,
   author = {{Bowman}, J.~D. and {Morales}, M.~F. and {Hewitt}, J.~N.},
    title = "{Constraints on Fundamental Cosmological Parameters with Upcoming Redshifted 21 cm Observations}",
  journal = {\apj},
   eprint = {arXiv:astro-ph/0512262},
     year = 2007,
    month = may,
   volume = 661,
    pages = {1-9},
      doi = {10.1086/516560},
   adsurl = {http://adsabs.harvard.edu/abs/2007ApJ...661....1B},
  adsnote = {Provided by the SAO/NASA Astrophysics Data System}
}

@ARTICLE{bowman_et_al2008a,
   author = {{Bowman}, J.~D. and {Rogers}, A.~E.~E. and {Hewitt}, J.~N.},
    title = "{Toward Empirical Constraints on the Global Redshifted 21 cm Brightness Temperature During the Epoch of Reionization}",
  journal = {\apj},
archivePrefix = "arXiv",
   eprint = {0710.2541},
     year = 2008,
    month = mar,
   volume = 676,
    pages = {1-9},
      doi = {10.1086/528675},
   adsurl = {http://adsabs.harvard.edu/abs/2008ApJ...676....1B},
  adsnote = {Provided by the SAO/NASA Astrophysics Data System}
}

@ARTICLE{bowman_et_al2009,
   author = {{Bowman}, J.~D. and {Morales}, M.~F. and {Hewitt}, J.~N.},
    title = "{Foreground Contamination in Interferometric Measurements of the Redshifted 21 cm Power Spectrum}",
  journal = {\apj},
archivePrefix = "arXiv",
   eprint = {0807.3956},
 keywords = {early universe, intergalactic medium, methods: data analysis, radio lines: general, techniques: interferometric},
     year = 2009,
    month = apr,
   volume = 695,
    pages = {183-199},
      doi = {10.1088/0004-637X/695/1/183},
   adsurl = {http://adsabs.harvard.edu/abs/2009ApJ...695..183B},
  adsnote = {Provided by the SAO/NASA Astrophysics Data System}
}

@ARTICLE{bowman_et_al2006,
   author = {{Bowman}, J.~D. and {Morales}, M.~F. and {Hewitt}, J.~N.},
    title = "{The Sensitivity of First-Generation Epoch of Reionization Observatories and Their Potential for Differentiating Theoretical Power Spectra}",
  journal = {\apj},
   eprint = {arXiv:astro-ph/0507357},
     year = 2006,
    month = feb,
   volume = 638,
    pages = {20-26},
      doi = {10.1086/498703},
   adsurl = {http://adsabs.harvard.edu/abs/2006ApJ...638...20B},
  adsnote = {Provided by the SAO/NASA Astrophysics Data System}
}

@ARTICLE{bowman_et_al2007a,
   author = {{Bowman}, J.~D. and {Barnes}, D.~G. and {Briggs}, F.~H. and 
	{Corey}, B.~E. and {Lynch}, M.~J. and {Bhat}, N.~D.~R. and {Cappallo}, R.~J. and 
	{Doeleman}, S.~S. and {Fanous}, B.~J. and {Herne}, D. and {Hewitt}, J.~N. and 
	{Johnston}, C. and {Kasper}, J.~C. and {Kocz}, J. and {Kratzenberg}, E. and 
	{Lonsdale}, C.~J. and {Morales}, M.~F. and {Oberoi}, D. and 
	{Salah}, J.~E. and {Stansby}, B. and {Stevens}, J. and {Torr}, G. and 
	{Wayth}, R. and {Webster}, R.~L. and {Wyithe}, J.~S.~B.},
    title = "{Field Deployment of Prototype Antenna Tiles for the Mileura Widefield Array Low Frequency Demonstrator}",
  journal = {\aj},
   eprint = {arXiv:astro-ph/0611751},
     year = 2007,
    month = apr,
   volume = 133,
    pages = {1505-1518},
      doi = {10.1086/511068},
   adsurl = {http://adsabs.harvard.edu/abs/2007AJ....133.1505B},
  adsnote = {Provided by the SAO/NASA Astrophysics Data System}
}

@TECHREPORT{bradley2006,
   author = {{Bradley}, R.},
    title = "{A Low Cost Screened Enclosure for Effective Control of Undesired Radio Frequency Emissions}",
    type = {NRAO EDIR},
    number = 317,
    year = 2006,
    address = {http://www.gb.nrao.edu/electronics/edir}
}

@INPROCEEDINGS{bradley_et_al2005,
   author = {{Bradley}, R. and {Backer}, D. and {Parsons}, A. and {Parashare}, C. and 
    {Gugliucci}, N.~E.},
    title = "{PAPER: A Precision Array to Probe the Epoch of Reionization}",
booktitle = {Bulletin of the American Astronomical Society},
     year = 2005,
    month = dec,
    volume = 37,
    pages = {1216-+},
   adsurl = {http://adsabs.harvard.edu/cgi-bin/nph-bib_query?bibcode=2005AAS...207.3301B&db_key=AST},
  adsnote = {Provided by the Smithsonian/NASA Astrophysics Data System}
}

@ARTICLE{bradley_et_al2008,
   author = {{Bradley}, R. and {Parashare}, C. and {Gugliucci}, N. and 
    {Mastrantonio}, E. and {Backer}, D.~C.  and {Parsons}, A. and 
    {Foster}, G. and {Manley}, J. and {Herne}, D. and {Lynch}, M. and 
    {Wright}, M. and {Werthimer}, D. and {Carilli}, C. and {Datta}, A. and 
    {Aguirre}, J.},
    title = "{Analog System Design for Detecting Reionization: Results from 4 and 8-Antenna Deployments of the PAPER Array}",
     year = {2008},
    month = {Forthcoming},
}

@ARTICLE{brentjens_debruyn2005,
   author = {{Brentjens}, M.~A. and {de Bruyn}, A.~G.},
    title = "{Faraday rotation measure synthesis}",
  journal = {\aap},
   eprint = {arXiv:astro-ph/0507349},
 keywords = {methods: data analysis, techniques: polarimetric, magnetic fields, polarization, ISM: magnetic fields, Cosmology: large-scale structure of Universe},
     year = 2005,
    month = oct,
   volume = 441,
    pages = {1217-1228},
      doi = {10.1051/0004-6361:20052990},
   adsurl = {http://adsabs.harvard.edu/abs/2005A%26A...441.1217B},
  adsnote = {Provided by the SAO/NASA Astrophysics Data System}
}

@INPROCEEDINGS{briggs2004,
   author = {{Briggs}, F.~H.},
    title = "{Intergalactic HI Clouds}",
booktitle = {Recycling Intergalactic and Interstellar Matter},
     year = 2004,
   series = {IAU Symposium},
   volume = 217,
   editor = {{Duc}, P.-A. and {Braine}, J. and {Brinks}, E.},
    month = jun,
    pages = {26-+},
   adsurl = {http://adsabs.harvard.edu/abs/2004IAUS..217...26B},
  adsnote = {Provided by the Smithsonian/NASA Astrophysics Data System}
}

@BOOK{brigham1988,
   author = {{Brigham}, E.~O.},
    title = "{The fast Fourier transform and its applications.}",
publisher = {Englewood Cliffs, N.J.: Prentice-Hall, 1988},
     year = 1988,
   adsurl = {http://adsabs.harvard.edu/cgi-bin/nph-bib_query?bibcode=1988ffti.book.....B&db_key=AST},
  adsnote = {Provided by the Smithsonian/NASA Astrophysics Data System}
}

@ARTICLE{chang_et_al2005,
    author = {{Chang}, C. and {Wawrzynek}, J. and {Brodersen}, R. ~W.},
    title =  "{BEE2: A High-End Reconfigurable Computing System}",
    journal = {IEEE Design and Test of Computers},
    volume = 22,
    number = 2,
    pages = {114-125},
    month = {Mar./Apr.},
    year = 2005,
    url = {http://bwrc.eecs.berkeley.edu/Publications/2005/JOURNALS/c.chang/cheng.bee2.pdf}
}

@PHDTHESIS{chapiro1984,
   author = {{Chapiro}, D.~M.},
    title = "{Globally-Asynchronous Locally-Synchronous Systems}",
   school = {Stanford Univ., CA.},
     year = 1984,
    month = oct,
   adsurl = {http://adsabs.harvard.edu/abs/1984PhDT........50C},
  adsnote = {Provided by the SAO/NASA Astrophysics Data System}
}

@INPROCEEDINGS{clark1999,
   author = {{Clark}, B.~G.},
    title = "{Coherence in Radio Astronomy}",
booktitle = {Synthesis Imaging in Radio Astronomy II},
     year = 1999,
   series = {Astronomical Society of the Pacific Conference Series},
   volume = 180,
   editor = "{G.~B.~Taylor, C.~L.~Carilli, \& R.~A.~Perley}",
    pages = {1-+},
   adsurl = {http://adsabs.harvard.edu/abs/1999ASPC..180....1C},
  adsnote = {Provided by the SAO/NASA Astrophysics Data System}
}


@ARTICLE{conway_et_al1990,
   author = {{Conway}, J.~E. and {Cornwell}, T.~J. and {Wilkinson}, P.~N.
    },
    title = "{Multi-Frequency Synthesis - a New Technique in Radio Interferometric Imaging}",
  journal = {\mnras},
     year = 1990,
    month = oct,
   volume = 246,
    pages = {490-+},
   adsurl = {http://ads.ari.uni-heidelberg.de/abs/1990MNRAS.246..490C},
  adsnote = {Provided by the SAO/NASA Astrophysics Data System}
}

@TECHREPORT{cornwell_et_al2003,
   author = {{Cornwell}, T.~J. and {Golap}, K. and {Bhatnagar}, S.},
    title = "{W-Projection: A New Algorithm for Non-Coplanar Baselines}",
    type = {EVLA Memo},
    number = 67,
    year = 2003,
}

@INPROCEEDINGS{cornwell_et_al_2005_345,
   author = {{Cornwell}, T.~J. and {Golap}, K. and {Bhatnagar}, S.},
    title = "{Wide Field Imaging: Fourier and Fresnel}",
booktitle = {Astronomical Society of the Pacific Conference Series},
     year = 2005,
   series = {Astronomical Society of the Pacific Conference Series},
   volume = 345,
   editor = {{Kassim}, N. and {Perez}, M. and {Junor}, W. and {Henning}, P.
    },
    month = dec,
    pages = {350-+},
   adsurl = {http://adsabs.harvard.edu/abs/2005ASPC..345..350C},
  adsnote = {Provided by the Smithsonian/NASA Astrophysics Data System}
}

@INPROCEEDINGS{cornwell_et_al_2005_347,
   author = {{Cornwell}, T.~J. and {Golap}, K. and {Bhatnagar}, S.},
    title = "{W Projection: A New Algorithm for Wide Field Imaging with Radio Synthesis Arrays}",
booktitle = {Astronomical Data Analysis Software and Systems XIV},
     year = 2005,
   series = {Astronomical Society of the Pacific Conference Series},
   volume = 347,
   editor = {{Shopbell}, P. and {Britton}, M. and {Ebert}, R.},
    month = dec,
    pages = {86-+},
   adsurl = {http://adsabs.harvard.edu/abs/2005ASPC..347...86C},
  adsnote = {Provided by the Smithsonian/NASA Astrophysics Data System}
}

@ARTICLE{cornwell_evans1985,
   author = {{Cornwell}, T.~J. and {Evans}, K.~F.},
    title = "{A simple maximum entropy deconvolution algorithm}",
  journal = {\aap},
     year = 1985,
    month = feb,
   volume = 143,
    pages = {77-83},
   adsurl = {http://adsabs.harvard.edu/abs/1985A%26A...143...77C},
  adsnote = {Provided by the SAO/NASA Astrophysics Data System}
}

@INPROCEEDINGS{cornwell_fomalont1989,
   author = {{Cornwell}, T. and {Fomalont}, E.~B.},
    title = "{Self-Calibration}",
booktitle = {Synthesis Imaging in Radio Astronomy},
     year = 1989,
   series = {Astronomical Society of the Pacific Conference Series},
   volume = 6,
   editor = {{Perley}, R.~A. and {Schwab}, F.~R. and {Bridle}, A.~H.},
    pages = {185-+},
   adsurl = {http://adsabs.harvard.edu/abs/1989ASPC....6..185C},
  adsnote = {Provided by the SAO/NASA Astrophysics Data System}
}

@BOOK{crochiere_rabiner1983,
    author = {{Crochiere}, R. and {Rabiner}, L. ~R.},
    title = "{Multirate Digital Signal Processing}",
publisher = {Englewood Cliffs, N.J., Prentice-Hall, Inc., 1983.~336 p.},
    year = 1983,
}

@TECHREPORT{daddario2001,
    author = {{D'Addario}, L.}, 
    title = "{Correlators: General Design Considerations}", 
    institution = {Allen Telescope Array},
    type = {ATA Memo},
    number = 24,
    month = mar,
    year = 2001,
    address = {http://ral.berkeley.edu/ata/memos/}
}

@INPROCEEDINGS{demorest_et_al2004,
   author = {{Demorest}, P. and {Ramachandran}, R. and {Backer}, D. and {Ferdman}, R. and 
    {Stairs}, I. and {Nice}, D.},
    title = "{Precision Pulsar Timing and Gravity Waves: Recent Advances in Instrumentation}",
booktitle = {Bulletin of the American Astronomical Society},
     year = 2004,
    month = dec,
    pages = {1598-+},
    url = {http://www.ursi.org/Proceedings/ProcGA05/pdf/J06.8(01696).pdf},
   adsurl = {http://adsabs.harvard.edu/cgi-bin/nph-bib_query?bibcode=2004AAS...20514901D&db_key=AST},
  adsnote = {Provided by the Smithsonian/NASA Astrophysics Data System}
}

@ARTICLE{deoliveira2008,
   author = {{de Oliveira-Costa}, A. and {Tegmark}, M. and {Gaensler}, B.~M. and 
	{Jonas}, J. and {Landecker}, T.~L. and {Reich}, P.},
    title = "{A model of diffuse Galactic radio emission from 10 MHz to 100 GHz}",
  journal = {\mnras},
   eprint = {arXiv:0802.1525},
     year = 2008,
    month = jul,
   volume = 388,
    pages = {247-260},
      doi = {10.1111/j.1365-2966.2008.13376.x},
   adsurl = {http://adsabs.harvard.edu/abs/2008MNRAS.388..247D},
  adsnote = {Provided by the SAO/NASA Astrophysics Data System}
}

@MANUAL{dick2000,
    author = {{Dick}, C.},
    title = "{High-Performance 1024-Point Complex FFT/IFFT V2.0}",
    institution = {Xilinx},
    year = 2000,
    address = {http://www.xilinx.com}
}

@ARTICLE{dimatteo_et_al2002,
   author = {{Di Matteo}, T. and {Perna}, R. and {Abel}, T. and {Rees}, M.~J.
	},
    title = "{Radio Foregrounds for the 21 Centimeter Tomography of the Neutral Intergalactic Medium at High Redshifts}",
  journal = {\apj},
   eprint = {arXiv:astro-ph/0109241},
     year = 2002,
    month = jan,
   volume = 564,
    pages = {576-580},
      doi = {10.1086/324293},
   adsurl = {http://adsabs.harvard.edu/abs/2002ApJ...564..576D},
  adsnote = {Provided by the SAO/NASA Astrophysics Data System}
}

@ARTICLE{dimatteo_et_al2004,
   author = {{Di Matteo}, T. and {Ciardi}, B. and {Miniati}, F.},
    title = "{The 21-cm emission from the reionization epoch: extended and point source foregrounds}",
  journal = {\mnras},
   eprint = {arXiv:astro-ph/0402322},
     year = 2004,
    month = dec,
   volume = 355,
    pages = {1053-1065},
      doi = {10.1111/j.1365-2966.2004.08443.x},
   adsurl = {http://adsabs.harvard.edu/abs/2004MNRAS.355.1053D},
  adsnote = {Provided by the SAO/NASA Astrophysics Data System}
}

@ARTICLE{dunkley_et_al2008,
   author = {{Dunkley}, J. and {Komatsu}, E. and {Nolta}, M.~R. and {Spergel}, D.~N. and 
	{Larson}, D. and {Hinshaw}, G. and {Page}, L. and {Bennett}, C.~L. and 
	{Gold}, B. and {Jarosik}, N. and {Weiland}, J.~L. and {Halpern}, M. and 
	{Hill}, R.~S. and {Kogut}, A. and {Limon}, M. and {Meyer}, S.~S. and 
	{Tucker}, G.~S. and {Wollack}, E. and {Wright}, E.~L.},
    title = "{Five-Year Wilkinson Microwave Anisotropy Probe (WMAP) Observations: Likelihoods and Parameters from the WMAP data}",
  journal = {ArXiv e-prints},
   eprint = {0803.0586},
     year = 2008,
    month = mar,
   volume = 803,
   adsurl = {http://adsabs.harvard.edu/abs/2008arXiv0803.0586D},
  adsnote = {Provided by the SAO/NASA Astrophysics Data System}
}

@ARTICLE{fan_et_al2006,
   author = {{Fan}, X. and {Carilli}, C.~L. and {Keating}, B.},
    title = "{Observational Constraints on Cosmic Reionization}",
  journal = {\araa},
   eprint = {arXiv:astro-ph/0602375},
     year = 2006,
    month = sep,
   volume = 44,
    pages = {415-462},
      doi = {10.1146/annurev.astro.44.051905.092514PDF: http://arjournals.annualreviews.org/doi/pdf/10.1146/annurev.astro.44.051905.092514},
   adsurl = {http://adsabs.harvard.edu/abs/2006ARA%26A..44..415F},
  adsnote = {Provided by the SAO/NASA Astrophysics Data System}
}

@ARTICLE{furlanetto_et_al2006,
   author = {{Furlanetto}, S.~R. and {Oh}, S.~P. and {Briggs}, F.~H.},
    title = "{Cosmology at low frequencies: The 21 cm transition and the high-redshift Universe}",
  journal = {\physrep},
   eprint = {arXiv:astro-ph/0608032},
     year = 2006,
    month = oct,
   volume = 433,
    pages = {181-301},
      doi = {10.1016/j.physrep.2006.08.002},
   adsurl = {http://adsabs.harvard.edu/abs/2006PhR...433..181F},
  adsnote = {Provided by the Smithsonian/NASA Astrophysics Data System}
}

@INPROCEEDINGS{golap_et_al2005,
   author = {{Golap}, K. and {Cornwell}, T.~J. and {Perley}, R.~A. and {Bhatnagar}, S.
    },
    title = "{Post Correlation RFI Excision}",
booktitle = {Astronomical Society of the Pacific Conference Series},
     year = 2005,
   series = {Astronomical Society of the Pacific Conference Series},
   volume = 345,
   editor = {{Kassim}, N. and {Perez}, M. and {Junor}, W. and {Henning}, P.
    },
    month = dec,
    pages = {366-+},
   adsurl = {http://adsabs.harvard.edu/abs/2005ASPC..345..366G},
  adsnote = {Provided by the Smithsonian/NASA Astrophysics Data System}
}

@ARTICLE{gorski_et_al2005,
   author = {{G{\'o}rski}, K.~M. and {Hivon}, E. and {Banday}, A.~J. and 
    {Wandelt}, B.~D. and {Hansen}, F.~K. and {Reinecke}, M. and 
    {Bartelmann}, M.},
    title = "{HEALPix: A Framework for High-Resolution Discretization and Fast Analysis of Data Distributed on the Sphere}",
  journal = {\apj},
   eprint = {arXiv:astro-ph/0409513},
     year = 2005,
    month = apr,
   volume = 622,
    pages = {759-771},
      doi = {10.1086/427976},
   adsurl = {http://adsabs.harvard.edu/abs/2005ApJ...622..759G},
  adsnote = {Provided by the SAO/NASA Astrophysics Data System}
}

@TECHREPORT{hall2006,
    editor = {{Hall}, P.},
    title = "{SKA Demonstrators, Pathfinders and Design Studies EWG Comments on 2006 Updates}",
    institution = {Square Kilometre Array},
    type = {SKA Memo},
    number = 86, 
    month = oct,
    year = 2006,
    pages = {14-29},
    address = {http://www.skatelescope.org/PDF/memos}
}

@ARTICLE{haslam_et_al1982,
   author = {{Haslam}, C.~G.~T. and {Salter}, C.~J. and {Stoffel}, H. and 
    {Wilson}, W.~E.},
    title = "{A 408 MHz all-sky continuum survey. II - The atlas of contour maps}",
  journal = {\aaps},
     year = 1982,
    month = jan,
   volume = 47,
    pages = {1-+},
   adsurl = {http://adsabs.harvard.edu/abs/1982A%26AS...47....1H},
  adsnote = {Provided by the SAO/NASA Astrophysics Data System}
}

@INPROCEEDINGS{heiles_et_al2004,
   author = {{Heiles}, C. and {Goldston}, J. and {Mock}, J. and {Parsons}, A. and 
    {Stanimirovic}, S. and {Werthimer}, D.},
    title = "{GALFA Hardware and Calibration Techniques}",
booktitle = {Bulletin of the American Astronomical Society},
     year = 2004,
    month = dec,
    pages = {1476-+},
   adsurl = {http://adsabs.harvard.edu/cgi-bin/nph-bib_query?bibcode=2004AAS...205.7807H&db_key=AST},
  adsnote = {Provided by the Smithsonian/NASA Astrophysics Data System}
}

@ARTICLE{hogbom1974,
   author = {{H{\"o}gbom}, J.~A.},
    title = "{Aperture Synthesis with a Non-Regular Distribution of Interferometer Baselines}",
  journal = {\aaps},
     year = 1974,
    month = jun,
   volume = 15,
    pages = {417-+},
   adsurl = {http://adsabs.harvard.edu/abs/1974A%26AS...15..417H},
  adsnote = {Provided by the SAO/NASA Astrophysics Data System}
}

@ARTICLE{jackson_farrell2006,
    author = {{Jackson}, T.~L. and {Farrell}, W.~M.},
    title = "{Electrostatic Fields in Dust Devils: An Analog to Mars}",
    journal ={Parallel Processing Symposium, International},
    volume = {44},
    year = {2006},
    pages = {2942-2949},
    publisher = {IEEE Trans. on Geosci. Remote Sens.},
}

@ARTICLE{jelic_et_al2008,
   author = {{Jeli{\'c}}, V. and {Zaroubi}, S. and {Labropoulos}, P. and 
	{Thomas}, R.~M. and {Bernardi}, G. and {Brentjens}, M.~A. and 
	{de Bruyn}, A.~G. and {Ciardi}, B. and {Harker}, G. and {Koopmans}, L.~V.~E. and 
	{Pandey}, V.~N. and {Schaye}, J. and {Yatawatta}, S.},
    title = "{Foreground simulations for the LOFAR-epoch of reionization experiment}",
  journal = {\mnras},
archivePrefix = "arXiv",
   eprint = {0804.1130},
     year = 2008,
    month = sep,
   volume = 389,
    pages = {1319-1335},
      doi = {10.1111/j.1365-2966.2008.13634.x},
   adsurl = {http://adsabs.harvard.edu/abs/2008MNRAS.389.1319J},
  adsnote = {Provided by the SAO/NASA Astrophysics Data System}
}

@ARTICLE{jenet_anderson1998,
   author = {{Jenet}, F.~A. and {Anderson}, S.~B.},
    title = "{The Effects of Digitization on Nonstationary Stochastic Signals with Applications to Pulsar Signal Baseband Recording}",
  journal = {\pasp},
     year = 1998,
    month = dec,
   volume = 110,
    pages = {1467-1478},
   adsurl = {http://adsabs.harvard.edu/abs/1998PASP..110.1467J},
  adsnote = {Provided by the Smithsonian/NASA Astrophysics Data System}
}

@ARTICLE{jennison1958,
   author = {{Jennison}, R.~C.},
    title = "{A phase sensitive interferometer technique for the measurement of the Fourier transforms of spatial brightness distributions of small angular extent}",
  journal = {\mnras},
     year = 1958,
   volume = 118,
    pages = {276-+},
   adsurl = {http://adsabs.harvard.edu/abs/1958MNRAS.118..276J},
  adsnote = {Provided by the SAO/NASA Astrophysics Data System}
}

@BOOK{johnson1993,
   author = {{Johnson}, R.~C.},
    title = "{Antenna Engineering Handbook, 3rd Edition}",
publisher = {New York, McGraw-Hill, 1993.},
     year = 1993,
    pages = {18-23},
    chapter = {4},
   adsurl = {http://adsabs.harvard.edu/abs/1993aehb.book.....J},
  adsnote = {Provided by the SAO/NASA Astrophysics Data System}
}

@ARTICLE{komesaroff1960,
   author = {{Komesaroff}, M.~M.},
    title = "{Ionospheric Refraction in Radio Astronomy. I. Theory}",
  journal = {Australian Journal of Physics},
     year = 1960,
    month = jun,
   volume = 13,
    pages = {153-+},
   adsurl = {http://adsabs.harvard.edu/abs/1960AuJPh..13..153K},
  adsnote = {Provided by the SAO/NASA Astrophysics Data System}
}

@ARTICLE{lidz_et_al2008,
   author = {{Lidz}, A. and {Zahn}, O. and {McQuinn}, M. and {Zaldarriaga}, M. and 
	{Hernquist}, L.},
    title = "{Detecting the Rise and Fall of 21 cm Fluctuations with the Murchison Widefield Array}",
  journal = {\apj},
   eprint = {arXiv:0711.4373},
     year = 2008,
    month = jun,
   volume = 680,
    pages = {962-974},
      doi = {10.1086/587618},
   adsurl = {http://adsabs.harvard.edu/abs/2008ApJ...680..962L},
  adsnote = {Provided by the SAO/NASA Astrophysics Data System}
}

@ARTICLE{liu_et_al2008,
   author = {{Liu}, A. and {Tegmark}, M. and {Zaldarriaga}, M.},
    title = "{Will point sources spoil 21 cm tomography?}",
  journal = {ArXiv e-prints},
archivePrefix = "arXiv",
   eprint = {0807.3952},
     year = 2008,
    month = jul,
   adsurl = {http://adsabs.harvard.edu/abs/2008arXiv0807.3952L},
  adsnote = {Provided by the SAO/NASA Astrophysics Data System}
}

@ARTICLE{loeb_barkana2001,
   author = {{Loeb}, A. and {Barkana}, R.},
    title = "{The Reionization of the Universe by the First Stars and Quasars}",
  journal = {\araa},
   eprint = {arXiv:astro-ph/0010467},
     year = 2001,
   volume = 39,
    pages = {19-66},
      doi = {10.1146/annurev.astro.39.1.19},
   adsurl = {http://adsabs.harvard.edu/abs/2001ARA%26A..39...19L},
  adsnote = {Provided by the SAO/NASA Astrophysics Data System}
}

@ARTICLE{loeb_zaldarriaga2004,
   author = {{Loeb}, A. and {Zaldarriaga}, M.},
    title = "{Measuring the Small-Scale Power Spectrum of Cosmic Density Fluctuations through 21cm Tomography Prior to the Epoch of Structure Formation}",
  journal = {Physical Review Letters},
   eprint = {arXiv:astro-ph/0312134},
     year = 2004,
    month = may,
   volume = 92,
   number = 21,
    pages = {211301-+},
      doi = {10.1103/PhysRevLett.92.211301},
   adsurl = {http://adsabs.harvard.edu/abs/2004PhRvL..92u1301L},
  adsnote = {Provided by the SAO/NASA Astrophysics Data System}
}

@ARTICLE{luis_et_al2007,
 author = {{Plana}, L.~A. and {Furber}, S.~B. and {Temple}, S. and {Khan}, M. and {Shi}, Y. and {Wu}, J. and {Yang}, S.},
 title = "{A GALS Infrastructure for a Massively Parallel Multiprocessor}",
 journal = {IEEE Des. Test},
 volume = {24},
 number = {5},
 year = {2007},
 issn = {0740-7475},
 pages = {454--463},
 doi = {http://dx.doi.org/10.1109/MDT.2007.149},
 publisher = {IEEE Computer Society Press},
 address = {Los Alamitos, CA, USA},
}

@ARTICLE{mao_et_al2008,
   author = {{Mao}, Y. and {Tegmark}, M. and {McQuinn}, M. and {Zaldarriaga}, M. and 
    {Zahn}, O.},
    title = "{How accurately can 21cm tomography constrain cosmology?}",
  journal = {\prd},
archivePrefix = "arXiv",
   eprint = {0802.1710},
     year = 2008,
    month = jul,
   volume = 78,
   number = 2,
    pages = {023529-+},
      doi = {10.1103/PhysRevD.78.023529},
   adsurl = {http://adsabs.harvard.edu/abs/2008PhRvD..78b3529M},
  adsnote = {Provided by the SAO/NASA Astrophysics Data System}
}

@ARTICLE{mcquinn_et_al2006,
   author = {{McQuinn}, M. and {Zahn}, O. and {Zaldarriaga}, M. and {Hernquist}, L. and 
    {Furlanetto}, S.~R.},
    title = "{Cosmological Parameter Estimation Using 21 cm Radiation from the Epoch of Reionization}",
  journal = {\apj},
   eprint = {arXiv:astro-ph/0512263},
     year = 2006,
    month = dec,
   volume = 653,
    pages = {815-834},
      doi = {10.1086/505167},
   adsurl = {http://adsabs.harvard.edu/abs/2006ApJ...653..815M},
  adsnote = {Provided by the SAO/NASA Astrophysics Data System}
}

@ARTICLE{mcquinn_et_al2007,
   author = {{McQuinn}, M. and {Lidz}, A. and {Zahn}, O. and {Dutta}, S. and 
    {Hernquist}, L. and {Zaldarriaga}, M.},
    title = "{The morphology of HII regions during reionization}",
  journal = {\mnras},
   eprint = {arXiv:astro-ph/0610094},
 keywords = {galaxies: formation, intergalactic medium, cosmology: theory, diffuse radiation, large-scale structure of Universe, radio lines: galaxies},
     year = 2007,
    month = may,
   volume = 377,
    pages = {1043-1063},
      doi = {10.1111/j.1365-2966.2007.11489.x},
   adsurl = {http://adsabs.harvard.edu/abs/2007MNRAS.377.1043M},
  adsnote = {Provided by the SAO/NASA Astrophysics Data System}
}

@ARTICLE{trac07,
   author = {{Trac}, H. and {Cen}, R.},
    title = "{Radiative Transfer Simulations of Cosmic Reionization. I. Methodology and Initial Results}",
  journal = {\apj},
   eprint = {arXiv:astro-ph/0612406},
 keywords = {Cosmology: Theory, Galaxies: Formation, Galaxies: Intergalactic Medium, Cosmology: Large-Scale Structure of Universe, Methods: Numerical, Radiative Transfer, Stars: Formation},
     year = 2007,
    month = dec,
   volume = 671,
    pages = {1-13},
      doi = {10.1086/522566},
   adsurl = {http://adsabs.harvard.edu/abs/2007ApJ...671....1T},
  adsnote = {Provided by the SAO/NASA Astrophysics Data System}
}


@BOOK{millman_halkias1967,
   author = {{Millman}, J. and {Halkias}, C.},
    title = "{Electronic Devices and Circuits}",
publisher = {New York, McGraw-Hill, 1967.},
     year = 1967,
    chapter = {17},
}

@ARTICLE{mishra_et_al2005,
    author = {{Mishra}, S. and {\`Eabri\ae}, D. and {Chang}, C. and {Willkomm}, D. and {van Schewick}, B. and {Wolisz}, A. and {Brodersen}, R.}, 
    title = "{A Real Time Cognitive Radio Testbed for Physical and Link Layer Experiments}",
    journal = {IEEE DySPAN},
    month = nov,
    day = {8-11},
    year = 2005,
    url = {http://bwrc.eecs.berkeley.edu/Research/Cognitive/DySPAN_SMM_final.pdf
}
}

@ARTICLE{morales_et_al2006a,
   author = {{Morales}, M.~F. and {Bowman}, J.~D. and {Hewitt}, J.~N.},
    title = "{Improving Foreground Subtraction in Statistical Observations of 21 cm Emission from the Epoch of Reionization}",
  journal = {\apj},
   eprint = {arXiv:astro-ph/0510027},
     year = 2006,
    month = sep,
   volume = 648,
    pages = {767-773},
      doi = {10.1086/506135},
   adsurl = {http://adsabs.harvard.edu/abs/2006ApJ...648..767M},
  adsnote = {Provided by the SAO/NASA Astrophysics Data System}
}

@ARTICLE{morales_et_al2006b,
   author = {{Morales}, M.~F. and {Bowman}, J.~D. and {Cappallo}, R. and 
	{Hewitt}, J.~N. and {Lonsdale}, C.~J.},
    title = "{Statistical EOR detection and the Mileura Widefield Array}",
  journal = {New Astronomy Review},
     year = 2006,
    month = mar,
   volume = 50,
    pages = {173-178},
      doi = {10.1016/j.newar.2005.11.033},
   adsurl = {http://adsabs.harvard.edu/abs/2006NewAR..50..173M},
  adsnote = {Provided by the SAO/NASA Astrophysics Data System}
}

@ARTICLE{morales2005,
   author = {{Morales}, M.~F.},
    title = "{Power Spectrum Sensitivity and the Design of Epoch of Reionization Observatories}",
  journal = {\apj},
   eprint = {arXiv:astro-ph/0406662},
     year = 2005,
    month = feb,
   volume = 619,
    pages = {678-683},
      doi = {10.1086/426730},
   adsurl = {http://adsabs.harvard.edu/abs/2005ApJ...619..678M},
  adsnote = {Provided by the SAO/NASA Astrophysics Data System}
}

@ARTICLE{morales_hewitt2004,
   author = {{Morales}, M.~F. and {Hewitt}, J.},
    title = "{Toward Epoch of Reionization Measurements with Wide-Field Radio Observations}",
  journal = {\apj},
   eprint = {arXiv:astro-ph/0312437},
 keywords = {Cosmology: Observations, Cosmology: Early Universe, Radio Lines: General},
     year = 2004,
    month = nov,
   volume = 615,
    pages = {7-18},
      doi = {10.1086/424437},
   adsurl = {http://adsabs.harvard.edu/abs/2004ApJ...615....7M},
  adsnote = {Provided by the SAO/NASA Astrophysics Data System}
}


@INPROCEEDINGS{noordam2004,
   author = {{Noordam}, J.~E.},
    title = "{LOFAR calibration challenges}",
booktitle = {Society of Photo-Optical Instrumentation Engineers (SPIE) Conference Series},
     year = 2004,
   series = {Presented at the Society of Photo-Optical Instrumentation Engineers (SPIE) Conference},
   volume = 5489,
   editor = {{Oschmann}, Jr., J.~M.},
    month = oct,
    pages = {817-825},
      doi = {10.1117/12.544262},
   adsurl = {http://adsabs.harvard.edu/abs/2004SPIE.5489..817N},
  adsnote = {Provided by the SAO/NASA Astrophysics Data System}
}

@ARTICLE{paciga_et_al2011,
   author = {{Paciga}, G. and {Chang}, T.-C. and {Gupta}, Y. and {Nityanada}, R. and 
    {Odegova}, J. and {Pen}, U.-L. and {Peterson}, J.~B. and {Roy}, J. and 
    {Sigurdson}, K.},
    title = "{The GMRT Epoch of Reionization experiment: a new upper limit on the neutral hydrogen power spectrum at z{\ap} 8.6}",
  journal = {\mnras},
archivePrefix = "arXiv",
   eprint = {1006.1351},
 primaryClass = "astro-ph.CO",
 keywords = {intergalactic medium, cosmology: observations, dark ages, reionization, first stars, diffuse radiation, radio lines: general},
     year = 2011,
    month = may,
   volume = 413,
    pages = {1174-1183},
      doi = {10.1111/j.1365-2966.2011.18208.x},
   adsurl = {http://adsabs.harvard.edu/abs/2011MNRAS.413.1174P},
  adsnote = {Provided by the SAO/NASA Astrophysics Data System}
}

@ARTICLE{page_et_al2007,
   author = {{Page}, L. and {Hinshaw}, G. and {Komatsu}, E. and {Nolta}, M.~R. and 
    {Spergel}, D.~N. and {Bennett}, C.~L. and {Barnes}, C. and {Bean}, R. and 
    {Dor{\'e}}, O. and {Dunkley}, J. and {Halpern}, M. and {Hill}, R.~S. and 
    {Jarosik}, N. and {Kogut}, A. and {Limon}, M. and {Meyer}, S.~S. and 
    {Odegard}, N. and {Peiris}, H.~V. and {Tucker}, G.~S. and {Verde}, L. and 
    {Weiland}, J.~L. and {Wollack}, E. and {Wright}, E.~L.},
    title = "{Three-Year Wilkinson Microwave Anisotropy Probe (WMAP) Observations: Polarization Analysis}",
  journal = {\apjs},
   eprint = {arXiv:astro-ph/0603450},
     year = 2007,
    month = jun,
   volume = 170,
    pages = {335-376},
      doi = {10.1086/513699},
   adsurl = {http://adsabs.harvard.edu/abs/2007ApJS..170..335P},
  adsnote = {Provided by the SAO/NASA Astrophysics Data System}
}

@ARTICLE{parsons_et_al2010,
   author = {{Parsons}, A.~R. and {Backer}, D.~C. and {Foster}, G.~S. and 
    {Wright}, M.~C.~H. and {Bradley}, R.~F. and {Gugliucci}, N.~E. and 
    {Parashare}, C.~R. and {Benoit}, E.~E. and {Aguirre}, J.~E. and 
    {Jacobs}, D.~C. and {Carilli}, C.~L. and {Herne}, D. and {Lynch}, M.~J. and 
    {Manley}, J.~R. and {Werthimer}, D.~J.},
    title = "{The Precision Array for Probing the Epoch of Re-ionization: Eight Station Results}",
  journal = {\aj},
archivePrefix = "arXiv",
   eprint = {0904.2334},
 primaryClass = "astro-ph.CO",
 keywords = {cosmology: observations, instrumentation: interferometers, radio continuum: general, techniques: interferometric, site testing, telescopes},
     year = 2010,
    month = apr,
   volume = 139,
    pages = {1468-1480},
      doi = {10.1088/0004-6256/139/4/1468},
   adsurl = {http://adsabs.harvard.edu/abs/2010AJ....139.1468P},
  adsnote = {Provided by the SAO/NASA Astrophysics Data System}
}


@ARTICLE{parsons2009,
    title={The Symmetric Group in Data Permutation, With Applications to High-Bandwidth Pipelined FFT Architectures},
    author={Parsons, A.},
    journal={Signal Processing Letters, IEEE},
    year={2009},
    month={June },
    volume={16},
    number={6},
    pages={477-480},
    doi={10.1109/LSP.2009.2016836},
    ISSN={1070-9908},
}

@ARTICLE{parsons_backer2009,
   author = {{Parsons}, A.~R. and {Backer}, D.~C.},
    title = "{Calibration of Low-Frequency, Wide-Field Radio Interferometers Using Delay/Delay-Rate Filtering}",
  journal = {\aj},
archivePrefix = "arXiv",
   eprint = {0901.2575},
 primaryClass = "astro-ph.IM",
 keywords = {instrumentation: interferometers, methods: data analysis, techniques: interferometric},
     year = 2009,
    month = jul,
   volume = 138,
    pages = {219-226},
      doi = {10.1088/0004-6256/138/1/219},
   adsurl = {http://adsabs.harvard.edu/abs/2009AJ....138..219P},
  adsnote = {Provided by the SAO/NASA Astrophysics Data System}
}

@INPROCEEDINGS{parsons_et_al2006,
   author = {{Parsons}, A. and {Backer}, D. and {Chang}, C. and {Chapman}, D. and {Chen}, H. and {Crescini}, P. and {de Jesus}, C. and {Dick}, C. and {Droz}, P. and {MacMahon}, D. and {Meder}, K. and {Mock}, J. and {Nagpal}, V. and {Nikolic}, B. and {Parsa}, A. and {Richards}, B. and {Siemion}, A. and {Wawrzynek}, J. and {Werthimer}, D. and {Wright}, M.},
    title = "{PetaOp/Second FPGA Signal Processing for SETI and Radio Astronomy}",
booktitle = {Asilomar Conference on Signals and Systems, Pacific Grove, CA},
     year = 2006,
    month = nov,
    pages = {2031-2035}
}

@ARTICLE{parsons_et_al2008,
   author = {{Parsons}, A. and {Backer}, D. and {Siemion}, A. and {Chen}, H. and 
    {Werthimer}, D. and {Droz}, P. and {Filiba}, T. and {Manley}, J. and
    {McMahon}, P. and {Parsa}, A. and {MacMahon}, D. and {Wright}, M.
    },
    title = "{A Scalable Correlator Architecture Based on Modular FPGA Hardware, Reuseable Gateware, and Data Packetization}",
  journal = {\pasp},
archivePrefix = "arXiv",
   eprint = {0809.2266}, 
     year = 2008,
    month = nov,
   volume = 120,
    pages = {1207-1221},
      doi = {10.1086/593053},
   adsurl = {http://adsabs.harvard.edu/abs/2008PASP..120.1207P},
  adsnote = {Provided by the SAO/NASA Astrophysics Data System}
}

@ARTICLE{parsons_et_al2009,
   author = {{Parsons}, A.~R. and {Backer}, D.~C. and {Bradley}, R.~F. and 
    {Aguirre}, J.~E. and {Benoit}, E.~E. and {Carilli}, C.~L. and 
    {Foster}, G.~S. and {Gugliucci}, N.~E. and {Herne}, D. and {Jacobs}, D.~C.
nd 
    {Lynch}, M.~J. and {Manley}, J.~R. and {Parashare}, C.~R. and 
    {Werthimer}, D.~J. and {Wright}, M.~C.~H.},
    title = "{The Precision Array for Probing the Epoch of Reionization: 8 Sta
on Results}",
  journal = {Submitted to \aj. ArXiv:0904.2334},
     year = 2009,
    month = apr,
   adsurl = {http://adsabs.harvard.edu/abs/2009arXiv0904.2334P},
  adsnote = {Provided by the SAO/NASA Astrophysics Data System}
}


@ARTICLE{pearson_readhead1984,
   author = {{Pearson}, T.~J. and {Readhead}, A.~C.~S.},
    title = "{Image Formation by Self-Calibration in Radio Astronomy}",
  journal = {\araa},
     year = 1984,
   volume = 22,
    pages = {97-130},
      doi = {10.1146/annurev.aa.22.090184.000525},
   adsurl = {http://adsabs.harvard.edu/abs/1984ARA%26A..22...97P},
  adsnote = {Provided by the SAO/NASA Astrophysics Data System}
}

@ARTICLE{pen_et_al2009,
   author = {{Pen}, {U.-L.} and {Chang}, {T.-C.} and {Hirata}, C.~M. and 
    {Peterson}, J.~B. and {Roy}, J. and {Gupta}, Y. and {Odegova}, J. and 
    {Sigurdson}, K.},
    title = "{The GMRT EoR experiment: limits on polarized sky brightness at 150 MHz}",
  journal = {\mnras},
archivePrefix = "arXiv",
   eprint = {0807.1056},
 keywords = {polarization , cosmology: observations , radio continuum: ISM},
     year = 2009,
    month = oct,
   volume = 399,
    pages = {181-194},
      doi = {10.1111/j.1365-2966.2009.14980.x},
   adsurl = {http://adsabs.harvard.edu/abs/2009MNRAS.399..181P},
  adsnote = {Provided by the SAO/NASA Astrophysics Data System}
}

@ARTICLE{petrovic_oh2010,
   author = {{Petrovic}, N. and {Oh}, S.~P.},
    title = "{Foreground Removal in 21cm Surveys of Reionization}",
  journal = {ArXiv e-prints},
archivePrefix = "arXiv",
   eprint = {1010.4109},
 primaryClass = "astro-ph.CO",
 keywords = {Astrophysics - Cosmology and Extragalactic Astrophysics},
     year = 2010,
    month = oct,
   adsurl = {http://adsabs.harvard.edu/abs/2010arXiv1010.4109P},
  adsnote = {Provided by the SAO/NASA Astrophysics Data System}
}

@BOOK{rabiner_gold1975,
   author = {{Rabiner}, L.~R. and {Gold}, B.},
    title = "{Theory and application of digital signal processing}",
publisher = {Englewood Cliffs, N.J., Prentice-Hall, Inc., 1975.~777 p.},
     year = 1975,
   adsurl = {http://adsabs.harvard.edu/cgi-bin/nph-bib_query?bibcode=1975tads.book.....R&db_key=AST},
  adsnote = {Provided by the Smithsonian/NASA Astrophysics Data System}
}

@ARTICLE{roberts_et_al1987,
   author = {{Roberts}, D.~H. and {Lehar}, J. and {Dreher}, J.~W.},
    title = "{Time Series Analysis with Clean - Part One - Derivation of a Spectrum}",
  journal = {\aj},
     year = 1987,
    month = apr,
   volume = 93,
    pages = {968-+},
      doi = {10.1086/114383},
   adsurl = {http://adsabs.harvard.edu/abs/1987AJ.....93..968R},
  adsnote = {Provided by the SAO/NASA Astrophysics Data System}
}

@ARTICLE{rogers_bowman2008,
   author = {{Rogers}, A.~E.~E. and {Bowman}, J.~D.},
    title = "{Spectral Index of the Diffuse Radio Background Measured from 100 TO 200 MHz}",
  journal = {\aj},
archivePrefix = "arXiv",
   eprint = {0806.2868},
     year = 2008,
    month = aug,
   volume = 136,
    pages = {641-648},
      doi = {10.1088/0004-6256/136/2/641},
   adsurl = {http://adsabs.harvard.edu/abs/2008AJ....136..641R},
  adsnote = {Provided by the SAO/NASA Astrophysics Data System}
}

@BOOK{rybicki_lightman1979,
   author = {{Rybicki}, G.~B. and {Lightman}, A.~P.},
    title = "{Radiative processes in astrophysics}",
publisher = {New York, Wiley-Interscience, 1979.~393 p.},
     year = 1979,
   adsurl = {http://adsabs.harvard.edu/abs/1979rpa..book.....R},
  adsnote = {Provided by the Smithsonian/NASA Astrophysics Data System}
}

@ARTICLE{santos_et_al2005,
   author = {{Santos}, M.~G. and {Cooray}, A. and {Knox}, L.},
    title = "{Multifrequency Analysis of 21 Centimeter Fluctuations from the Era of Reionization}",
  journal = {\apj},
   eprint = {arXiv:astro-ph/0408515},
     year = 2005,
    month = jun,
   volume = 625,
    pages = {575-587},
      doi = {10.1086/429857},
   adsurl = {http://adsabs.harvard.edu/abs/2005ApJ...625..575S},
  adsnote = {Provided by the SAO/NASA Astrophysics Data System}
}

@ARTICLE{sault1990,
   author = {{Sault}, R.~J.},
    title = "{A modification of the Cornwell and Evans maximum entropy algorithm}",
  journal = {\apjl},
     year = 1990,
    month = may,
   volume = 354,
    pages = {L61-L63},
      doi = {10.1086/185723},
   adsurl = {http://adsabs.harvard.edu/abs/1990ApJ...354L..61S},
  adsnote = {Provided by the SAO/NASA Astrophysics Data System}
}

@INPROCEEDINGS{sault_et_al1995,
   author = {{Sault}, R.~J. and {Teuben}, P.~J. and {Wright}, M.~C.~H.},
    title = "{A Retrospective View of MIRIAD}",
booktitle = {Astronomical Data Analysis Software and Systems IV},
     year = 1995,
   series = {Astronomical Society of the Pacific Conference Series},
   volume = 77,
   editor = {{Shaw}, R.~A. and {Payne}, H.~E. and {Hayes}, J.~J.~E.},
    pages = {433-+},
   adsurl = {http://adsabs.harvard.edu/abs/1995ASPC...77..433S},
  adsnote = {Provided by the SAO/NASA Astrophysics Data System}
}

@ARTICLE{shull_et_al1995,
   author = {{Shull}, J.~M. and {Stocke}, J.~T. and {Penton}, S.},
    title = "{Intergalactic Hydrogen Clouds at Low-Redshift: Connections To Voids And Dwarf Galaxies}",
  journal = {ArXiv Astrophysics e-prints},
   eprint = {astro-ph/9510054},
     year = 1995,
    month = oct,
   adsurl = {http://adsabs.harvard.edu/abs/1995astro.ph.10054S},
  adsnote = {Provided by the Smithsonian/NASA Astrophysics Data System}
}

@BOOK{slurzberg_osterheld1961,
   author = {{Slurzberg}, M. and {Osterheld}, W.},
    title = "{Essentials of Radio-Electronics, 2nd Edition}",
publisher = {New York, McGraw-Hill, 1961.},
     year = 1961,
    pages = {595},
}

@PHDTHESIS{so2007,
   author = {{So}, K.~H.},
    title = "{BORPH: An Operating System for FPGA-Based Reconfigurable Computers}",
   school = {Berkeley Wireless Research Center, UC Berkeley, CA.},
     year = 2007,
    month = oct,
   adsurl = {http://adsabs.harvard.edu/abs/1984PhDT........50C},
  adsnote = {Provided by the SAO/NASA Astrophysics Data System}
}

@INPROCEEDINGS{so_broderson2006,
    author = {{So}, K.~H. and {Brodersen}, R. W.},
    title = "{Improving Usability of FPGA-Based Reconfigurable Computers through Operating System Support}",
    booktitle = {16th International Conference on Field Programmable Logic and Applications},
   publisher = {Madrid, Spain},
    year = 2006,
    pages = {349-354}
}

@ARTICLE{so_et_al2006,
    author = {{So}, H. and {Tkachenko}, A. and {Brodersen}, R.}, 
    title = "{A Unified Hardware/Software Runtime Environment for FPGA-Based Reconfigurable Computers using BORPH}",
    journal = {CODES+ISSS},
    year = 2006,
    note = Forthcoming
}

@ARTICLE{tegmark_et_al2000,
   author = {{Tegmark}, M. and {Eisenstein}, D.~J. and {Hu}, W. and {de Oliveira-Costa}, A.
    },
    title = "{Foregrounds and Forecasts for the Cosmic Microwave Background}",
  journal = {\apj},
   eprint = {arXiv:astro-ph/9905257},
     year = 2000,
    month = feb,
   volume = 530,
    pages = {133-165},
      doi = {10.1086/308348},
   adsurl = {http://adsabs.harvard.edu/abs/2000ApJ...530..133T},
  adsnote = {Provided by the SAO/NASA Astrophysics Data System}
}

@BOOK{thompson_et_al2001,
   author = {{Thompson}, A.~R. and {Moran}, J.~M. and {Swenson}, Jr., G.~W.
    },
    title = "{Interferometry and Synthesis in Radio Astronomy, 2nd Edition}",
    publisher = {New York, Wiley-Interscience, 2001.~692 p.},
     year = 2001,
   adsurl = {http://adsabs.harvard.edu/abs/2001isra.book.....T},
  adsnote = {Provided by the Smithsonian/NASA Astrophysics Data System}
}

@INPROCEEDINGS{thompson1999,
   author = {{Thompson}, A.~R.},
    title = "{Fundamentals of Radio Interferometry}",
booktitle = {Synthesis Imaging in Radio Astronomy II},
     year = 1999,
   series = {Astronomical Society of the Pacific Conference Series},
   volume = 180,
   editor = "{G.~B.~Taylor, C.~L.~Carilli, \& R.~A.~Perley}",
    pages = {11-+},
   adsurl = {http://adsabs.harvard.edu/abs/1999ASPC..180...11T},
  adsnote = {Provided by the SAO/NASA Astrophysics Data System}
}


@ARTICLE{vaidyanathan1990,
    author = {{Vaidyanathan}, P. ~P.},
    title = "{Multirate Digital Filters, Filter Banks, Polyphase Networks, and Applications}",
    journal = {Proc. IEEE},
    volume = 78,
    pages = {56-93},
    month = jan,
    year = 1990
}

@ARTICLE{wang_et_al2006,
   author = {{Wang}, X. and {Tegmark}, M. and {Santos}, M.~G. and {Knox}, L.
    },
    title = "{21 cm Tomography with Foregrounds}",
  journal = {\apj},
   eprint = {arXiv:astro-ph/0501081},
     year = 2006,
    month = oct,
   volume = 650,
    pages = {529-537},
      doi = {10.1086/506597},
   adsurl = {http://adsabs.harvard.edu/abs/2006ApJ...650..529W},
  adsnote = {Provided by the SAO/NASA Astrophysics Data System}
}

@ARTICLE{weinreb1961,
   author = {{Weinreb}, S.},
    title = "{Digital Radiometer}",
     year = 1961,
   journal = {Proc. IEEE},
   volume = 49,
    number = 6,
    pages = {1099},
}

@TECHREPORT{weinreb_daddario2001,
    author = {{Weinreb}, S. and {D'Addario}, L.},
    title = "{Cost Equation for the SKA}",
    institution = {Square Kilometre Array},
    type = {SKA Memo},
    number = 1,
    month = aug,
    year = 2001,
    address = {http://www.skatelescope.org/PDF/memos}
}

@ARTICLE{white_et_al1999,
   author = {{White}, M. and {Carlstrom}, J.~E. and {Dragovan}, M. and {Holzapfel}, W.~L.
    },
    title = "{Interferometric Observation of Cosmic Microwave Background Anisotropies}",
  journal = {\apj},
   eprint = {arXiv:astro-ph/9712195},
     year = 1999,
    month = mar,
   volume = 514,
    pages = {12-24},
      doi = {10.1086/306911},
   adsurl = {http://adsabs.harvard.edu/abs/1999ApJ...514...12W},
  adsnote = {Provided by the SAO/NASA Astrophysics Data System}
}

@TECHREPORT{wright2005,
    author = {{Wright}, M.},
    title = "{Real Time Imaging}",
    institution = {Square Kilometre Array},
    type = {SKA Memo},
    number = 60,
    month = may,
    year = 2005,
    address = {http://www.skatelescope.org/PDF/memos}
}

@MANUAL{xilinx_ds083,
    title = "{Virtex-II Pro and Virtex-II Pro X Platform FPGAs: Functional Description (DS083-2 v4.5)}",
    organization = {Xilinx},
    address = {http://www.xilinx.com},
    year = 2005,
    month = oct,
}

@MANUAL{xilinx_ug024,
    title = "{RocketIO Tranceiver User Guide (UG024 v2.5)}",
    organization = {Xilinx},
    address = {http://www.xilinx.com},
    year = 2004,
    month = dec,
}

@ARTICLE{yatawatta_et_al2008,
   author = {{Yatawatta}, S. and {Zaroubi}, S. and {de Bruyn}, G. and {Koopmans}, L. and 
    {Noordam}, J.},
    title = "{Radio Interferometric Calibration Using The SAGE Algorithm}",
  journal = {ArXiv:0810.5751},
archivePrefix = "arXiv",
   eprint = {0810.5751},
     year = 2008,
    month = oct,
   adsurl = {http://adsabs.harvard.edu/abs/2008arXiv0810.5751Y},
  adsnote = {Provided by the SAO/NASA Astrophysics Data System}
}

@ARTICLE{yen1974,
   author = {{Yen}, J.~L.},
    title = "{The Role of Fast Fourier Transform Computers in Astronomy}",
  journal = {\aaps},
     year = 1974,
    month = jun,
   volume = 15,
    pages = {483-+},
   adsurl = {http://adsabs.harvard.edu/abs/1974A%26AS...15..483Y},
  adsnote = {Provided by the Smithsonian/NASA Astrophysics Data System}
}

@ARTICLE{zahn_et_al2007,
   author = {{Zahn}, O. and {Lidz}, A. and {McQuinn}, M. and {Dutta}, S. and 
	{Hernquist}, L. and {Zaldarriaga}, M. and {Furlanetto}, S.~R.
	},
    title = "{Simulations and Analytic Calculations of Bubble Growth during Hydrogen Reionization}",
  journal = {\apj},
   eprint = {arXiv:astro-ph/0604177},
     year = 2007,
    month = jan,
   volume = 654,
    pages = {12-26},
      doi = {10.1086/509597},
   adsurl = {http://adsabs.harvard.edu/abs/2007ApJ...654...12Z},
  adsnote = {Provided by the SAO/NASA Astrophysics Data System}
}

@INPROCEEDINGS{wrobel_walker1999,
   author = {{Wrobel}, J.~M. and {Walker}, R.~C.},
    title = "{Sensitivity}",
booktitle = {Synthesis Imaging in Radio Astronomy II},
     year = 1999,
   series = {Astronomical Society of the Pacific Conference Series},
   volume = 180,
   editor = {{Taylor}, G.~B. and {Carilli}, C.~L. and {Perley}, R.~A.},
    pages = {171-+},
   adsurl = {http://adsabs.harvard.edu/abs/1999ASPC..180..171W},
  adsnote = {Provided by the SAO/NASA Astrophysics Data System}
}

@ARTICLE{robinson1985,
 AUTHOR = {John Robinson},
 TITLE = {Golomb rectangles},
 JOURNAL = {IEEE Transactions on Information Theory},
 YEAR = 1985,
 PAGES = {781--787},
 MONTH = nov,
 VOLUME = 31,
 NUMBER = 6,
}


@article{meyer_papakon2009,
 author = {Meyer, Christophe and Papakonstantinou, Periklis A.},
 title = {On the complexity of constructing Golomb Rulers},
 journal = {Discrete Appl. Math.},
 volume = 157,
 issue = 4,
 month = Feb,
 year = 2009,
 pages = {738--748},
} 

@book{golomb_gong2004,
 author = {Golomb, Solomon W. and Gong, Guang},
 title = {Signal Design for Good Correlation: For Wireless Communication, Cryptography, and Radar},
 year = 2004,
 isbn = {0521821045},
 publisher = {Cambridge University Press},
 address = {New York, NY, USA},
} 

@inproceedings{bloom_golomb1977,
 AUTHOR = {Gary Bloom and Solomon Golomb},
 TITLE = {Applications of numbered undirected graphs},
 BOOKTITLE = {Proceedings of the IEEE},
 VOLUME = 65,
 PAGES = {562--570},
 YEAR = 1977,
}

@ARTICLE{sidon1932,
 author= {S. Sidon},
 title = {Ein Satz \"uber trigonometrische Polynome und seine Anwendungen in der Theorie der Fourier-Reihen},
 journal = {Mathematische Annalen},
 volume = 106,
 pages ={536--539},
 year = 1932,
}

@Article{babcock1953,
  author = {Wallace C. Babcock},
  title = {Intermodulation Interference in Radio Systems: Frequency of Occurrence and Control by Channel Selection},
  journal = {Bell System Technical Journal},
  volume = 31,
  number = 1,
  pages = {63--73},
  month = jan,
  year = 1953,
}

@inproceedings{costas1984,
 AUTHOR = {John Costas},
 TITLE = {A Study of Detection Waveforms Having Nearly Ideal Range-Doppler Ambiguity Properties},
 BOOKTITLE = {Proceedings of the IEEE},
 VOLUME = 72,
 PAGES = {996--1009},
 MONTH = Aug,
 YEAR = 1984,
}

@ARTICLE{golomb_taylor1984,
 AUTHOR = {Solomon Golomb and Herbert Taylor},
 TITLE = {Constructions and Properties of {C}ostas Arrays},
 JOURNAL = {Proceedings of the IEEE},
 VOLUME = 72,
 NUMBER = 9,
 PAGES = {1143--1163},
 MONTH = Sep,
 YEAR = 1984,
}

@ARTICLE{chen2004,
   author = {{Chen}, X.},
    title = "{Angular power spectrum of the galactic synchrotron radiation}",
  journal = {ArXiv Astrophysics e-prints},
   eprint = {arXiv:astro-ph/0409733},
     year = 2004,
    month = sep,
   adsurl = {http://adsabs.harvard.edu/abs/2004astro.ph..9733C},
  adsnote = {Provided by the SAO/NASA Astrophysics Data System}
}

@ARTICLE{field1958,
    author = {{Field}, G.~B.},
    journal = {Proc. IRE},
    year = 1958,
    volume = 46,
    pages = {240}
}

@ARTICLE{madau_et_al1997,
   author = {{Madau}, P. and {Meiksin}, A. and {Rees}, M.~J.},
    title = "{21 Centimeter Tomography of the Intergalactic Medium at High Redshift}",
  journal = {\apj},
   eprint = {arXiv:astro-ph/9608010},
 keywords = {COSMOLOGY: THEORY, COSMOLOGY: DIFFUSE RADIATION, GALAXIES: INTERGALACTIC MEDIUM, GALAXIES: QUASARS: GENERAL, RADIO LINES: GENERAL},
     year = 1997,
    month = feb,
   volume = 475,
    pages = {429-+},
      doi = {10.1086/303549},
   adsurl = {http://adsabs.harvard.edu/abs/1997ApJ...475..429M},
  adsnote = {Provided by the SAO/NASA Astrophysics Data System}
}

@ARTICLE{tegmark_zaldarriaga2009,
   author = {{Tegmark}, M. and {Zaldarriaga}, M.},
    title = "{Fast Fourier transform telescope}",
  journal = {\prd},
archivePrefix = "arXiv",
   eprint = {0805.4414},
 keywords = {Observational cosmology},
     year = 2009,
    month = apr,
   volume = 79,
   number = 8,
    pages = {083530-+},
      doi = {10.1103/PhysRevD.79.083530},
   adsurl = {http://adsabs.harvard.edu/abs/2009PhRvD..79h3530T},
  adsnote = {Provided by the SAO/NASA Astrophysics Data System}
}

@ARTICLE{lonsdale_et_al2009,
   author = {{Lonsdale}, C.~J. and {Cappallo}, R.~J. and {Morales}, M.~F. and 
    {Briggs}, F.~H. and {Benkevitch}, L. and {Bowman}, J.~D. and 
    {Bunton}, J.~D. and {Burns}, S. and {Corey}, B.~E. and {Desouza}, L. and 
    {Doeleman}, S.~S. and {Derome}, M. and {Deshpande}, A. and {Gopala}, M.~R. and 
    {Greenhill}, L.~J. and {Herne}, D.~E. and {Hewitt}, J.~N. and 
    {Kamini}, P.~A. and {Kasper}, J.~C. and {Kincaid}, B.~B. and 
    {Kocz}, J. and {Kowald}, E. and {Kratzenberg}, E. and {Kumar}, D. and 
    {Lynch}, M.~J. and {Madhavi}, S. and {Matejek}, M. and {Mitchell}, D.~A. and 
    {Morgan}, E. and {Oberoi}, D. and {Ord}, S. and {Pathikulangara}, J. and 
    {Prabu}, T. and {Rogers}, A. and {Roshi}, A. and {Salah}, J.~E. and 
    {Sault}, R.~J. and {Shankar}, N.~U. and {Srivani}, K.~S. and 
    {Stevens}, J. and {Tingay}, S. and {Vaccarella}, A. and {Waterson}, M. and 
    {Wayth}, R.~B. and {Webster}, R.~L. and {Whitney}, A.~R. and 
    {Williams}, A. and {Williams}, C.},
    title = "{The Murchison Widefield Array: Design Overview}",
  journal = {IEEE Proceedings},
archivePrefix = "arXiv",
   eprint = {0903.1828},
 primaryClass = "astro-ph.IM",
     year = 2009,
    month = aug,
   volume = 97,
    pages = {1497-1506},
      doi = {10.1109/JPROC.2009.2017564},
   adsurl = {http://adsabs.harvard.edu/abs/2009IEEEP..97.1497L},
  adsnote = {Provided by the SAO/NASA Astrophysics Data System}
}

@ARTICLE{rottgering_et_al2006,
   author = {{Rottgering}, H.~J.~A. and {Braun}, R. and {Barthel}, P.~D. and 
    {van Haarlem}, M.~P. and {Miley}, G.~K. and {Morganti}, R. and 
    {Snellen}, I. and {Falcke}, H. and {de Bruyn}, A.~G. and {Stappers}, R.~B. and 
    {Boland}, W.~H.~W.~M. and {Butcher}, H.~R. and {de Geus}, E.~J. and 
    {Koopmans}, L. and {Fender}, R. and {Kuijpers}, J. and {Schilizzi}, R.~T. and 
    {Vogt}, C. and {Wijers}, R.~A.~M.~J. and {Wise}, M. and {Brouw}, W.~N. and 
    {Hamaker}, J.~P. and {Noordam}, J.~E. and {Oosterloo}, T. and 
    {Bahren}, L. and {Brentjens}, M.~A. and {Wijnholds}, S.~J. and 
    {Bregman}, J.~D. and {van Cappellen}, W.~A. and {Gunst}, A.~W. and 
    {Kant}, G.~W. and {Reitsma}, J. and {van der Schaaf}, K. and 
    {de Vos}, C.~M.},
    title = "{LOFAR - Opening up a new window on the Universe}",
  journal = {ArXiv Astrophysics e-prints},
   eprint = {arXiv:astro-ph/0610596},
 keywords = {Astrophysics},
     year = 2006,
    month = oct,
   adsurl = {http://adsabs.harvard.edu/abs/2006astro.ph.10596R},
  adsnote = {Provided by the SAO/NASA Astrophysics Data System}
}

@BOOK{astro2010,
   author = "{{Comm. for a Decadal Survey of A\&A; NRC}}",
   title = "New Worlds, New Horizons in Astronomy and Astrophysics",
   publisher = "Natl. Academies Press",
   year = 2010,
}

@ARTICLE{park_et_al2003,
   author = {{Park}, {C.-G.} and {Ng}, {K.-W.} and {Park}, C. and {Liu}, {G.-C.} and 
    {Umetsu}, K.},
    title = "{Observational Strategies of Cosmic Microwave Background Temperature and Polarization Interferometry Experiments}",
  journal = {\apj},
   eprint = {arXiv:astro-ph/0209491},
 keywords = {Cosmology: Cosmic Microwave Background, Cosmology: Theory, Techniques: Interferometric},
     year = 2003,
    month = may,
   volume = 589,
    pages = {67-81},
      doi = {10.1086/374638},
   adsurl = {http://adsabs.harvard.edu/abs/2003ApJ...589...67P},
  adsnote = {Provided by the SAO/NASA Astrophysics Data System}
}

@ARTICLE{liu_et_al2010,
   author = {{Liu}, A. and {Tegmark}, M. and {Morrison}, S. and {Lutomirski}, A. and 
    {Zaldarriaga}, M.},
    title = "{Precision calibration of radio interferometers using redundant baselines}",
  journal = {\mnras},
archivePrefix = "arXiv",
   eprint = {1001.5268},
 primaryClass = "astro-ph.IM",
 keywords = {instrumentation: interferometers, methods: data analysis, cosmology: observations, radio continuum: general},
     year = 2010,
    month = oct,
   volume = 408,
    pages = {1029-1050},
      doi = {10.1111/j.1365-2966.2010.17174.x},
   adsurl = {http://adsabs.harvard.edu/abs/2010MNRAS.408.1029L},
  adsnote = {Provided by the SAO/NASA Astrophysics Data System}
}

@ARTICLE{devilliers2007,
   author = {{de Villiers}, M.},
    title = "{Interferometric array layout design by tomographic projection}",
  journal = {\aap},
 keywords = {instrumentation: interferometers, methods: numerical},
     year = 2007,
    month = jul,
   volume = 469,
    pages = {793-797},
      doi = {10.1051/0004-6361:20077351},
   adsurl = {http://adsabs.harvard.edu/abs/2007A%26A...469..793D},
  adsnote = {Provided by the SAO/NASA Astrophysics Data System}
}

@ARTICLE{keto1997,
   author = {{Keto}, E.},
    title = "{The Shapes of Cross-Correlation Interferometers}",
  journal = {\apj},
 keywords = {INSTRUMENTATION: INTERFEROMETERS},
     year = 1997,
    month = feb,
   volume = 475,
    pages = {843-+},
      doi = {10.1086/303545},
   adsurl = {http://adsabs.harvard.edu/abs/1997ApJ...475..843K},
  adsnote = {Provided by the SAO/NASA Astrophysics Data System}
}

@ARTICLE{jacobs_et_al2011,
   author = {{Jacobs}, D.~C. and {Aguirre}, J.~E. and {Parsons}, A.~R. and 
    {Pober}, J.~C. and {Bradley}, R.~F. and {Carilli}, C.~L. and 
    {Gugliucci}, N.~E. and {Manley}, J.~R. and {van der Merwe}, C. and 
    {Moore}, D.~F. and {Parashare}, C.~R.},
    title = "{New 145 MHz Source Measurements by PAPER in the Southern Sky}",
  journal = {\apjl},
archivePrefix = "arXiv",
   eprint = {1105.1367},
 primaryClass = "astro-ph.CO",
 keywords = {catalogs, dark ages, reionization, first stars, instrumentation: interferometers},
     year = 2011,
    month = jun,
   volume = 734,
      eid = {L34},
    pages = {L34},
      doi = {10.1088/2041-8205/734/2/L34},
   adsurl = {http://adsabs.harvard.edu/abs/2011ApJ...734L..34J},
  adsnote = {Provided by the SAO/NASA Astrophysics Data System}
}

@ARTICLE{pober_et_al2011,
   author = {{Pober}, J.~C. and {Parsons}, A.~R. and {Jacobs}, D.~C. and 
    {Aguirre}, J.~E. and {Bradley}, R.~F. and {Carilli}, C.~L. and 
    {Gugliucci}, N.~E. and {Moore}, D.~F. and {Parashare}, C.~R.
    },
    title = "{A Technique for Primary Beam Calibration of Drift-Scanning, Wide-Field Antenna Elements}",
  journal = {ArXiv e-prints},
archivePrefix = "arXiv",
   eprint = {1111.2882},
 primaryClass = "astro-ph.IM",
 keywords = {Astrophysics - Instrumentation and Methods for Astrophysics},
     year = 2011,
    month = nov,
   adsurl = {http://adsabs.harvard.edu/abs/2011arXiv1111.2882P},
  adsnote = {Provided by the SAO/NASA Astrophysics Data System}
}

@ARTICLE{slee1995,
   author = {{Slee}, O.~B.},
    title = "{Radio sources observed with the Culgoora circular array}",
  journal = {Australian Journal of Physics},
 keywords = {GALACTIC CLUSTERS, RADIO ASTRONOMY, RADIO OBSERVATION, RADIO SOURCES (ASTRONOMY), TABLES (DATA), ARRAYS, DATA REDUCTION, SKY SURVEYS (ASTRONOMY)},
     year = 1995,
   volume = 48,
    pages = {143-186},
   adsurl = {http://adsabs.harvard.edu/abs/1995AuJPh..48..143S},
  adsnote = {Provided by the SAO/NASA Astrophysics Data System}
}

@ARTICLE{helmboldt_et_al2008,
   author = {{Helmboldt}, J.~F. and {Kassim}, N.~E. and {Cohen}, A.~S. and 
    {Lane}, W.~M. and {Lazio}, T.~J.},
    title = "{Radio Frequency Spectra of 388 Bright 74 MHz Sources}",
  journal = {\apjs},
archivePrefix = "arXiv",
   eprint = {0707.3418},
 keywords = {Catalogs, Radio Continuum: General, Surveys},
     year = 2008,
    month = feb,
   volume = 174,
    pages = {313-336},
      doi = {10.1086/521829},
   adsurl = {http://adsabs.harvard.edu/abs/2008ApJS..174..313H},
  adsnote = {Provided by the SAO/NASA Astrophysics Data System}
}

@ARTICLE{golap_et_al1998,
   author = {{Golap}, K. and {Shankar}, N.~U. and {Sachdev}, S. and {Dodson}, R. and 
    {Sastry}, C.~V.},
    title = "{A low frequency radio telescope at Mauritius for a southern sky survey.}",
  journal = {Journal of Astrophysics and Astronomy},
   eprint = {arXiv:astro-ph/9808062},
 keywords = {Radio Telescopes: Sky Surveys},
     year = 1998,
    month = dec,
   volume = 19,
    pages = {35-53},
      doi = {10.1007/BF02714890},
   adsurl = {http://adsabs.harvard.edu/abs/1998JApA...19...35G},
  adsnote = {Provided by the SAO/NASA Astrophysics Data System}
}

@INPROCEEDINGS{parashare_bradley2009,
   author = {{Parashare}, C.~R. and {Bradley}, R.~F.},
    title = "{Gain Stabilization Techniques for PAPER}",
booktitle = {2009 USNC/URSI Annual Meeting},
     year = 2009,
    month = jan,
      eid = {13},
   adsurl = {http://adsabs.harvard.edu/abs/2009ursi.confE..13P},
  adsnote = {Provided by the SAO/NASA Astrophysics Data System}
}

@ARTICLE{deolivieracosta_et_al2008,
   author = {{de Oliveira-Costa}, A. and {Tegmark}, M. and {Gaensler}, B.~M. and 
    {Jonas}, J. and {Landecker}, T.~L. and {Reich}, P.},
    title = "{A model of diffuse Galactic radio emission from 10 MHz to 100 GHz}",
  journal = {\mnras},
archivePrefix = "arXiv",
   eprint = {0802.1525},
 keywords = {methods: data analysis , astronomical data bases: miscellaneous , ISM: structure , diffuse radiation , radio continuum: ISM},
     year = 2008,
    month = jul,
   volume = 388,
    pages = {247-260},
      doi = {10.1111/j.1365-2966.2008.13376.x},
   adsurl = {http://adsabs.harvard.edu/abs/2008MNRAS.388..247D},
  adsnote = {Provided by the SAO/NASA Astrophysics Data System}
}

@ARTICLE{morales_matejek2009,
   author = {{Morales}, M.~F. and {Matejek}, M.},
    title = "{Software holography: interferometric data analysis for the challenges of next generation observatories}",
  journal = {\mnras},
archivePrefix = "arXiv",
   eprint = {0810.5107},
 keywords = {instrumentation: interferometers , techniques: interferometric , cosmology: miscellaneous},
     year = 2009,
    month = dec,
   volume = 400,
    pages = {1814-1820},
      doi = {10.1111/j.1365-2966.2009.15537.x},
   adsurl = {http://adsabs.harvard.edu/abs/2009MNRAS.400.1814M},
  adsnote = {Provided by the SAO/NASA Astrophysics Data System}
}

@ARTICLE{harris1978,
   author = {{Harris}, F.~J.},
    title = "{On the Use of Windows for Harmonic Analysis with the Discrete Fourier Transform}",
  journal = {IEEE Proceedings},
 keywords = {POWER SPECTRA, APPLIED MATHEMATICS},
     year = 1978,
   volume = 66,
    pages = {51-83},
   adsurl = {http://adsabs.harvard.edu/abs/1978IEEEP..66...51H},
  adsnote = {Provided by the SAO/NASA Astrophysics Data System}
}

@ARTICLE{parsons_et_al2012a,
   author = {{Parsons}, A. and {Pober}, J. and {McQuinn}, M. and {Jacobs}, D. and
    {Aguirre}, J.},
    title = "{A Sensitivity and Array-configuration Study for Measuring the Power Spectrum of 21 cm Emission from Reionization}",
  journal = {\apj},
archivePrefix = "arXiv",
   eprint = {1103.2135},
 primaryClass = "astro-ph.IM",
 keywords = {cosmology: observations, instrumentation: interferometers, methods: observational, techniques: interferometric, telescopes},
     year = 2012,
    month = jul,
   volume = 753,
      eid = {81},
    pages = {81},
      doi = {10.1088/0004-637X/753/1/81},
   adsurl = {http://adsabs.harvard.edu/abs/2012ApJ...753...81P},
  adsnote = {Provided by the SAO/NASA Astrophysics Data System}
}

@ARTICLE{parsons_et_al2012b,
   author = {{Parsons}, A.~R. and {Pober}, J.~C. and {Aguirre}, J.~E. and
    {Carilli}, C.~L. and {Jacobs}, D.~C. and {Moore}, D.~F.},
    title = "{A Per-baseline, Delay-spectrum Technique for Accessing the 21 cm Cosmic Reionization Signature}",
  journal = {\apj},
archivePrefix = "arXiv",
   eprint = {1204.4749},
 primaryClass = "astro-ph.IM",
 keywords = {cosmology: observations, instrumentation: interferometers, radio continuum: general, site testing, techniques: interferometric, telescopes},
     year = 2012,
    month = sep,
   volume = 756,
      eid = {165},
    pages = {165},
      doi = {10.1088/0004-637X/756/2/165},
   adsurl = {http://adsabs.harvard.edu/abs/2012ApJ...756..165P},
  adsnote = {Provided by the SAO/NASA Astrophysics Data System}
}

@ARTICLE{pober_et_al2012,
   author = {{Pober}, J.~C. and {Parsons}, A.~R. and {Jacobs}, D.~C. and
    {Aguirre}, J.~E. and {Bradley}, R.~F. and {Carilli}, C.~L. and
    {Gugliucci}, N.~E. and {Moore}, D.~F. and {Parashare}, C.~R.
    },
    title = "{A Technique for Primary Beam Calibration of Drift-scanning, Wide-field Antenna Elements}",
  journal = {\aj},
archivePrefix = "arXiv",
   eprint = {1111.2882},
 primaryClass = "astro-ph.IM",
 keywords = {instrumentation: interferometers, methods: miscellaneous, techniques: interferometric},
     year = 2012,
    month = feb,
   volume = 143,
      eid = {53},
    pages = {53},
      doi = {10.1088/0004-6256/143/2/53},
   adsurl = {http://adsabs.harvard.edu/abs/2012AJ....143...53P},
  adsnote = {Provided by the SAO/NASA Astrophysics Data System}
}

@ARTICLE{sullivan_et_al2012,
   author = {{Sullivan}, I.~S. and {Morales}, M.~F. and {Hazelton}, B.~J. and 
    {Arcus}, W. and {Barnes}, D. and {Bernardi}, G. and {Briggs}, F.~H. and 
    {Bowman}, J.~D. and {Bunton}, J.~D. and {Cappallo}, R.~J. and 
    {Corey}, B.~E. and {Deshpande}, A. and {deSouza}, L. and {Emrich}, D. and 
    {Gaensler}, B.~M. and {Goeke}, R. and {Greenhill}, L.~J. and 
    {Herne}, D. and {Hewitt}, J.~N. and {Johnston-Hollitt}, M. and 
    {Kaplan}, D.~L. and {Kasper}, J.~C. and {Kincaid}, B.~B. and 
    {Koenig}, R. and {Kratzenberg}, E. and {Lonsdale}, C.~J. and 
    {Lynch}, M.~J. and {McWhirter}, S.~R. and {Mitchell}, D.~A. and 
    {Morgan}, E. and {Oberoi}, D. and {Ord}, S.~M. and {Pathikulangara}, J. and 
    {Prabu}, T. and {Remillard}, R.~A. and {Rogers}, A.~E.~E. and 
    {Roshi}, A. and {Salah}, J.~E. and {Sault}, R.~J. and {Udaya Shankar}, N. and 
    {Srivani}, K.~S. and {Stevens}, J. and {Subrahmanyan}, R. and 
    {Tingay}, S.~J. and {Wayth}, R.~B. and {Waterson}, M. and {Webster}, R.~L. and 
    {Whitney}, A.~R. and {Williams}, A. and {Williams}, C.~L. and 
    {Wyithe}, J.~S.~B.},
    title = "{Fast Holographic Deconvolution: A New Technique for Precision Radio Interferometry}",
  journal = {\apj},
archivePrefix = "arXiv",
   eprint = {1209.1653},
 primaryClass = "astro-ph.IM",
 keywords = {dark ages, reionization, first stars, techniques: image processing, techniques: interferometric},
     year = 2012,
    month = nov,
   volume = 759,
      eid = {17},
    pages = {17},
      doi = {10.1088/0004-637X/759/1/17},
   adsurl = {http://adsabs.harvard.edu/abs/2012ApJ...759...17S},
  adsnote = {Provided by the SAO/NASA Astrophysics Data System}
}

@ARTICLE{wieringa1992,
   author = {{Wieringa}, M.~H.},
    title = "{An investigation of the telescope based calibration methods 'redundancy' and 'self-cal'}",
  journal = {Experimental Astronomy},
 keywords = {CALIBRATING, INSTRUMENT COMPENSATION, INSTRUMENT ERRORS, INTERFEROMETRY, RADIO TELESCOPES, REDUNDANCY, ASTRONOMICAL MAPS, CORRECTION, SIGNAL TO NOISE RATIOS},
     year = 1992,
   volume = 2,
    pages = {203-225},
      doi = {10.1007/BF00420576},
   adsurl = {http://adsabs.harvard.edu/abs/1992ExA.....2..203W},
  adsnote = {Provided by the SAO/NASA Astrophysics Data System}
}

@ARTICLE{paciga_et_al2013,
   author = {{Paciga}, G. and {Albert}, J.~G. and {Bandura}, K. and {Chang}, T.-C. and 
    {Gupta}, Y. and {Hirata}, C. and {Odegova}, J. and {Pen}, U.-L. and 
    {Peterson}, J.~B. and {Roy}, J. and {Shaw}, J.~R. and {Sigurdson}, K. and 
    {Voytek}, T.},
    title = "{A simulation-calibrated limit on the H I power spectrum from the GMRT Epoch of Reionization experiment}",
  journal = {\mnras},
archivePrefix = "arXiv",
   eprint = {1301.5906},
 primaryClass = "astro-ph.CO",
 keywords = {intergalactic medium, cosmology: observations, diffuse radiation, radio lines: general},
     year = 2013,
    month = may,
      doi = {10.1093/mnras/stt753},
   adsurl = {http://adsabs.harvard.edu/abs/2013MNRAS.tmp.1427P},
  adsnote = {Provided by the SAO/NASA Astrophysics Data System}
}

@ARTICLE{pober_et_al2013,
   author = {{Pober}, J.~C. and {Parsons}, A.~R. and {Aguirre}, J.~E. and 
    {Ali}, Z. and {Bradley}, R.~F. and {Carilli}, C.~L. and {DeBoer}, D. and 
    {Dexter}, M. and {Gugliucci}, N.~E. and {Jacobs}, D.~C. and 
    {Klima}, P.~J. and {MacMahon}, D. and {Manley}, J. and {Moore}, D.~F. and 
    {Stefan}, I.~I. and {Walbrugh}, W.~P.},
    title = "{Opening the 21{\nbsp}cm Epoch of Reionization Window: Measurements of Foreground Isolation with PAPER}",
  journal = {\apjl},
archivePrefix = "arXiv",
   eprint = {1301.7099},
 primaryClass = "astro-ph.CO",
 keywords = {cosmology: observations, dark ages, reionization, first stars, techniques: interferometric },
     year = 2013,
    month = may,
   volume = 768,
      eid = {L36},
    pages = {L36},
      doi = {10.1088/2041-8205/768/2/L36},
   adsurl = {http://adsabs.harvard.edu/abs/2013ApJ...768L..36P},
  adsnote = {Provided by the SAO/NASA Astrophysics Data System}
}

@ARTICLE{yatawatta_et_al2013,
   author = {{Yatawatta}, S. and {de Bruyn}, A.~G. and {Brentjens}, M.~A. and 
    {Labropoulos}, P. and {Pandey}, V.~N. and {Kazemi}, S. and {Zaroubi}, S. and 
    {Koopmans}, L.~V.~E. and {Offringa}, A.~R. and {Jeli{\'c}}, V. and 
    {Martinez Rubi}, O. and {Veligatla}, V. and {Wijnholds}, S.~J. and 
    {Brouw}, W.~N. and {Bernardi}, G. and {Ciardi}, B. and {Daiboo}, S. and 
    {Harker}, G. and {Mellema}, G. and {Schaye}, J. and {Thomas}, R. and 
    {Vedantham}, H. and {Chapman}, E. and {Abdalla}, F.~B. and {Alexov}, A. and 
    {Anderson}, J. and {Avruch}, I.~M. and {Batejat}, F. and {Bell}, M.~E. and 
    {Bell}, M.~R. and {Bentum}, M. and {Best}, P. and {Bonafede}, A. and 
    {Bregman}, J. and {Breitling}, F. and {van de Brink}, R.~H. and 
    {Broderick}, J.~W. and {Br{\"u}ggen}, M. and {Conway}, J. and 
    {de Gasperin}, F. and {de Geus}, E. and {Duscha}, S. and {Falcke}, H. and 
    {Fallows}, R.~A. and {Ferrari}, C. and {Frieswijk}, W. and {Garrett}, M.~A. and 
    {Griessmeier}, J.~M. and {Gunst}, A.~W. and {Hassall}, T.~E. and 
    {Hessels}, J.~W.~T. and {Hoeft}, M. and {Iacobelli}, M. and 
    {Juette}, E. and {Karastergiou}, A. and {Kondratiev}, V.~I. and 
    {Kramer}, M. and {Kuniyoshi}, M. and {Kuper}, G. and {van Leeuwen}, J. and 
    {Maat}, P. and {Mann}, G. and {McKean}, J.~P. and {Mevius}, M. and 
    {Mol}, J.~D. and {Munk}, H. and {Nijboer}, R. and {Noordam}, J.~E. and 
    {Norden}, M.~J. and {Orru}, E. and {Paas}, H. and {Pandey-Pommier}, M. and 
    {Pizzo}, R. and {Polatidis}, A.~G. and {Reich}, W. and {R{\"o}ttgering}, H.~J.~A. and 
    {Sluman}, J. and {Smirnov}, O. and {Stappers}, B. and {Steinmetz}, M. and 
    {Tagger}, M. and {Tang}, Y. and {Tasse}, C. and {ter Veen}, S. and 
    {Vermeulen}, R. and {van Weeren}, R.~J. and {Wise}, M. and {Wucknitz}, O. and 
    {Zarka}, P.},
    title = "{Initial deep LOFAR observations of epoch of reionization windows. I. The north celestial pole}",
  journal = {\aap},
archivePrefix = "arXiv",
   eprint = {1301.1630},
 primaryClass = "astro-ph.IM",
 keywords = {dark ages, reionization, first stars, instrumentation: interferometers, techniques: interferometric, methods: data analysis},
     year = 2013,
    month = feb,
   volume = 550,
      eid = {A136},
    pages = {A136},
      doi = {10.1051/0004-6361/201220874},
   adsurl = {http://adsabs.harvard.edu/abs/2013A%26A...550A.136Y},
  adsnote = {Provided by the SAO/NASA Astrophysics Data System}
}

@ARTICLE{bowman_et_al2012,
   author = {{Bowman}, J.~D. and {Cairns}, I. and {Kaplan}, D.~L. and {Murphy}, T. and 
    {Oberoi}, D. and {Staveley-Smith}, L. and {Arcus}, W. and {Barnes}, D.~G. and 
    {Bernardi}, G. and {Briggs}, F.~H. and {Brown}, S. and {Bunton}, J.~D. and 
    {Burgasser}, A.~J. and {Cappallo}, R.~J. and {Chatterjee}, S. and 
    {Corey}, B.~E. and {Coster}, A. and {Deshpande}, A. and {deSouza}, L. and 
    {Emrich}, D. and {Erickson}, P. and {Goeke}, R.~F. and {Gaensler}, B.~M. and 
    {Greenhill}, L.~J. and {Harvey-Smith}, L. and {Hazelton}, B.~J. and 
    {Herne}, D. and {Hewitt}, J.~N. and {Johnston-Hollitt}, M. and 
    {Kasper}, J.~C. and {Kincaid}, B.~B. and {Koenig}, R. and {Kratzenberg}, E. and 
    {Lonsdale}, C.~J. and {Lynch}, M.~J. and {Matthews}, L.~D. and 
    {McWhirter}, S.~R. and {Mitchell}, D.~A. and {Morales}, M.~F. and 
    {Morgan}, E.~H. and {Ord}, S.~M. and {Pathikulangara}, J. and 
    {Prabu}, T. and {Remillard}, R.~A. and {Robishaw}, T. and {Rogers}, A.~E.~E. and 
    {Roshi}, A.~A. and {Salah}, J.~E. and {Sault}, R.~J. and {Shankar}, N.~U. and 
    {Srivani}, K.~S. and {Stevens}, J.~B. and {Subrahmanyan}, R. and 
    {Tingay}, S.~J. and {Wayth}, R.~B. and {Waterson}, M. and {Webster}, R.~L. and 
    {Whitney}, A.~R. and {Williams}, A.~J. and {Williams}, C.~L. and 
    {Wyithe}, J.~S.~B.},
    title = "{Science with the Murchison Widefield Array}",
  journal = {\pasa},
archivePrefix = "arXiv",
   eprint = {1212.5151},
 primaryClass = "astro-ph.IM",
 keywords = {dark ages, reionisation, first stars, instrumentation: interferometers, radio continuum: general, radio lines: general, Sun: general},
     year = 2013,
    month = apr,
   volume = 30,
      eid = {e031},
    pages = {31},
      doi = {10.1017/pas.2013.009},
   adsurl = {http://adsabs.harvard.edu/abs/2013PASA...30...31B},
  adsnote = {Provided by the SAO/NASA Astrophysics Data System}
}

@ARTICLE{tingay_et_al2013,
   author = {{Tingay}, S.~J. and {Goeke}, R. and {Bowman}, J.~D. and {Emrich}, D. and 
    {Ord}, S.~M. and {Mitchell}, D.~A. and {Morales}, M.~F. and 
    {Booler}, T. and {Crosse}, B. and {Wayth}, R.~B. and {Lonsdale}, C.~J. and 
    {Tremblay}, S. and {Pallot}, D. and {Colegate}, T. and {Wicenec}, A. and 
    {Kudryavtseva}, N. and {Arcus}, W. and {Barnes}, D. and {Bernardi}, G. and 
    {Briggs}, F. and {Burns}, S. and {Bunton}, J.~D. and {Cappallo}, R.~J. and 
    {Corey}, B.~E. and {Deshpande}, A. and {Desouza}, L. and {Gaensler}, B.~M. and 
    {Greenhill}, L.~J. and {Hall}, P.~J. and {Hazelton}, B.~J. and 
    {Herne}, D. and {Hewitt}, J.~N. and {Johnston-Hollitt}, M. and 
    {Kaplan}, D.~L. and {Kasper}, J.~C. and {Kincaid}, B.~B. and 
    {Koenig}, R. and {Kratzenberg}, E. and {Lynch}, M.~J. and {Mckinley}, B. and 
    {Mcwhirter}, S.~R. and {Morgan}, E. and {Oberoi}, D. and {Pathikulangara}, J. and 
    {Prabu}, T. and {Remillard}, R.~A. and {Rogers}, A.~E.~E. and 
    {Roshi}, A. and {Salah}, J.~E. and {Sault}, R.~J. and {Udaya-Shankar}, N. and 
    {Schlagenhaufer}, F. and {Srivani}, K.~S. and {Stevens}, J. and 
    {Subrahmanyan}, R. and {Waterson}, M. and {Webster}, R.~L. and 
    {Whitney}, A.~R. and {Williams}, A. and {Williams}, C.~L. and 
    {Wyithe}, J.~S.~B.},
    title = "{The Murchison Widefield Array: The Square Kilometre Array Precursor at Low Radio Frequencies}",
  journal = {\pasa},
archivePrefix = "arXiv",
   eprint = {1206.6945},
 primaryClass = "astro-ph.IM",
 keywords = {instrumentation: interferometers, techniques: image processing, techniques: interferometric, radio continuum: general, radio lines: general, early Universe},
     year = 2013,
    month = jan,
   volume = 30,
      eid = {e007},
    pages = {7},
      doi = {10.1017/pasa.2012.007},
   adsurl = {http://adsabs.harvard.edu/abs/2013PASA...30....7T},
  adsnote = {Provided by the SAO/NASA Astrophysics Data System}
}

@ARTICLE{perley_et_al1997,
   author = {{Perley}, R.~A. and {Roser}, H.-J. and {Meisenheimer}, K.},
    title = "{The radio galaxy PictorA -- a study with the VLA}",
  journal = {\aap},
 keywords = {ACCELERATION OF PARTICLES, POLARIZATION, RADIATION MECHNISMS: NON-THERMAL, GALAXIES: PICTOR A, RADIO CONTINUUM: GALAXIES},
     year = 1997,
    month = dec,
   volume = 328,
    pages = {12-32},
   adsurl = {http://adsabs.harvard.edu/abs/1997A%26A...328...12P},
  adsnote = {Provided by the SAO/NASA Astrophysics Data System}
}

@ARTICLE{kuhr_et_al1981,
   author = {{Kuehr}, H. and {Witzel}, A. and {Pauliny-Toth}, I.~I.~K. and 
    {Nauber}, U.},
    title = "{A catalogue of extragalactic radio sources having flux densities greater than 1 Jy at 5 GHz}",
  journal = {\aaps},
 keywords = {ASTRONOMICAL CATALOGS, CENTIMETER WAVES, EXTRAGALACTIC RADIO SOURCES, GALACTIC RADIO WAVES, RADIANT FLUX DENSITY, RADIO SPECTRA},
     year = 1981,
    month = sep,
   volume = 45,
    pages = {367-430},
   adsurl = {http://adsabs.harvard.edu/abs/1981A%26AS...45..367K},
  adsnote = {Provided by the SAO/NASA Astrophysics Data System}
}

@ARTICLE{burgess_hunstead2006,
   author = {{Burgess}, A.~M. and {Hunstead}, R.~W.},
    title = "{The Molonglo Southern 4 Jy Sample (MS4). I. Definition}",
  journal = {\aj},
   eprint = {arXiv:astro-ph/0512588},
 keywords = {Galaxies: Active, Radio Continuum: Galaxies, Surveys},
     year = 2006,
    month = jan,
   volume = 131,
    pages = {100-113},
      doi = {10.1086/498677},
   adsurl = {http://adsabs.harvard.edu/abs/2006AJ....131..100B},
  adsnote = {Provided by the SAO/NASA Astrophysics Data System}
}

@ARTICLE{large_et_al1981,
   author = {{Large}, M.~I. and {Mills}, B.~Y. and {Little}, A.~G. and {Crawford}, D.~F. and 
    {Sutton}, J.~M.},
    title = "{The Molonglo Reference Catalogue of Radio Sources}",
  journal = {\mnras},
     year = 1981,
    month = feb,
   volume = 194,
    pages = {693},
   adsurl = {http://adsabs.harvard.edu/abs/1981MNRAS.194..693L},
  adsnote = {Provided by the SAO/NASA Astrophysics Data System}
}

@ARTICLE{iliev_et_al2008,
   author = {{Iliev}, I.~T. and {Mellema}, G. and {Pen}, U.-L. and {Bond}, J.~R. and 
    {Shapiro}, P.~R.},
    title = "{Current models of the observable consequences of cosmic reionization and their detectability}",
  journal = {\mnras},
   eprint = {arXiv:astro-ph/0702099},
 keywords = {radiative transfer, methods: numerial, galaxies: formation, galaxies: high-redshift, intergalactic medium, cosmology: theory},
     year = 2008,
    month = mar,
   volume = 384,
    pages = {863-874},
      doi = {10.1111/j.1365-2966.2007.12629.x},
   adsurl = {http://adsabs.harvard.edu/abs/2008MNRAS.384..863I},
  adsnote = {Provided by the SAO/NASA Astrophysics Data System}
}

@ARTICLE{mesinger_et_al2011,
   author = {{Mesinger}, A. and {Furlanetto}, S. and {Cen}, R.},
    title = "{21CMFAST: a fast, seminumerical simulation of the high-redshift 21-cm signal}",
  journal = {\mnras},
archivePrefix = "arXiv",
   eprint = {1003.3878},
 primaryClass = "astro-ph.CO",
 keywords = {methods: numerical, galaxies: high redshift, dark ages, reionization, first stars, diffuse radiation, early Universe, large-scale structure of Universe},
     year = 2011,
    month = feb,
   volume = 411,
    pages = {955-972},
      doi = {10.1111/j.1365-2966.2010.17731.x},
   adsurl = {http://adsabs.harvard.edu/abs/2011MNRAS.411..955M},
  adsnote = {Provided by the SAO/NASA Astrophysics Data System}
}

@ARTICLE{santos_et_al2008,
   author = {{Santos}, M.~G. and {Amblard}, A. and {Pritchard}, J. and {Trac}, H. and 
    {Cen}, R. and {Cooray}, A.},
    title = "{Cosmic Reionization and the 21 cm Signal: Comparison between an Analytical Model and a Simulation}",
  journal = {\apj},
archivePrefix = "arXiv",
   eprint = {0708.2424},
 keywords = {Cosmology: Theory, Cosmology: Diffuse Radiation, Cosmology: Large-Scale Structure of Universe},
     year = 2008,
    month = dec,
   volume = 689,
    pages = {1-16},
      doi = {10.1086/592487},
   adsurl = {http://adsabs.harvard.edu/abs/2008ApJ...689....1S},
  adsnote = {Provided by the SAO/NASA Astrophysics Data System}
}

@ARTICLE{moore_et_al2013,
   author = {{Moore}, D.~F. and {Aguirre}, J.~E. and {Parsons}, A.~R. and 
    {Jacobs}, D.~C. and {Pober}, J.~C.},
    title = "{The Effects of Polarized Foregrounds on 21{\nbsp}cm Epoch of Reionization Power Spectrum Measurements}",
  journal = {\apj},
archivePrefix = "arXiv",
   eprint = {1302.0876},
 primaryClass = "astro-ph.CO",
 keywords = {cosmology: observations, instrumentation: interferometers, instrumentation: polarimeters },
     year = 2013,
    month = jun,
   volume = 769,
      eid = {154},
    pages = {154},
      doi = {10.1088/0004-637X/769/2/154},
   adsurl = {http://adsabs.harvard.edu/abs/2013ApJ...769..154M},
  adsnote = {Provided by the SAO/NASA Astrophysics Data System}
}

@ARTICLE{jelic_et_al2008,
   author = {{Jeli{\'c}}, V. and {Zaroubi}, S. and {Labropoulos}, P. and 
    {Thomas}, R.~M. and {Bernardi}, G. and {Brentjens}, M.~A. and 
    {de Bruyn}, A.~G. and {Ciardi}, B. and {Harker}, G. and {Koopmans}, L.~V.~E. and 
    {Pandey}, V.~N. and {Schaye}, J. and {Yatawatta}, S.},
    title = "{Foreground simulations for the LOFAR-epoch of reionization experiment}",
  journal = {\mnras},
archivePrefix = "arXiv",
   eprint = {0804.1130},
 keywords = {instrumentation: interferometers , cosmology: observation , cosmology: theory , diffuse radiation , radio continuum: general , radio lines: general},
     year = 2008,
    month = sep,
   volume = 389,
    pages = {1319-1335},
      doi = {10.1111/j.1365-2966.2008.13634.x},
   adsurl = {http://adsabs.harvard.edu/abs/2008MNRAS.389.1319J},
  adsnote = {Provided by the SAO/NASA Astrophysics Data System}
}

@ARTICLE{jelic_et_al2010,
   author = {{Jeli{\'c}}, V. and {Zaroubi}, S. and {Labropoulos}, P. and 
    {Bernardi}, G. and {de Bruyn}, A.~G. and {Koopmans}, L.~V.~E.
    },
    title = "{Realistic simulations of the Galactic polarized foreground: consequences for 21-cm reionization detection experiments}",
  journal = {\mnras},
archivePrefix = "arXiv",
   eprint = {1007.4135},
 primaryClass = "astro-ph.GA",
 keywords = {polarization, radiation mechanisms: non-thermal, instrumentation: interferometers, cosmology: observations, radio continuum: general},
     year = 2010,
    month = dec,
   volume = 409,
    pages = {1647-1659},
      doi = {10.1111/j.1365-2966.2010.17407.x},
   adsurl = {http://adsabs.harvard.edu/abs/2010MNRAS.409.1647J},
  adsnote = {Provided by the SAO/NASA Astrophysics Data System}
}

@ARTICLE{shaw_et_al2013,
   author = {{Shaw}, J.~R. and {Sigurdson}, K. and {Pen}, U.-L. and {Stebbins}, A. and 
    {Sitwell}, M.},
    title = "{All-Sky Interferometry with Spherical Harmonic Transit Telescopes}",
  journal = {ArXiv e-prints},
archivePrefix = "arXiv",
   eprint = {1302.0327},
 primaryClass = "astro-ph.CO",
 keywords = {Astrophysics - Cosmology and Extragalactic Astrophysics},
     year = 2013,
    month = feb,
   adsurl = {http://adsabs.harvard.edu/abs/2013arXiv1302.0327S},
  adsnote = {Provided by the SAO/NASA Astrophysics Data System}
}

@ARTICLE{hazelton_et_al2013,
   author = {{Hazelton}, B.~J. and {Morales}, M.~F. and {Sullivan}, I.~S.
    },
    title = "{The Fundamental Multi-Baseline Mode-Mixing Foreground in 21 cm EoR Observations}",
  journal = {ArXiv e-prints},
archivePrefix = "arXiv",
   eprint = {1301.3126},
 primaryClass = "astro-ph.IM",
 keywords = {Astrophysics - Instrumentation and Methods for Astrophysics, Astrophysics - Cosmology and Extragalactic Astrophysics},
     year = 2013,
    month = jan,
   adsurl = {http://adsabs.harvard.edu/abs/2013arXiv1301.3126H},
  adsnote = {Provided by the SAO/NASA Astrophysics Data System}
}

@ARTICLE{stefan_et_al2013,
   author = {{Stefan}, I.~I. and {Carilli}, C.~L. and {Green}, D.~A. and 
    {Ali}, Z. and {Aguirre}, J.~E. and {Bradley}, R.~F. and {DeBoer}, D. and 
    {Dexter}, M. and {Gugliucci}, N.~E. and {Harris}, D.~E. and 
    {Jacobs}, D.~C. and {Klima}, P. and {MacMahon}, D. and {Manley}, J. and 
    {Moore}, D.~F. and {Parsons}, A.~R. and {Pober}, J.~C. and {Walbrugh}, W.~P.
    },
    title = "{Imaging on PAPER: Centaurus A at 148 MHz}",
  journal = {\mnras},
archivePrefix = "arXiv",
   eprint = {1212.1624},
 primaryClass = "astro-ph.CO",
 keywords = {instrumentation: interferometers, galaxies: active, galaxies: individual: Centaurus A, galaxies: structure, X-rays: galaxies},
     year = 2013,
    month = apr,
      doi = {10.1093/mnras/stt548},
   adsurl = {http://adsabs.harvard.edu/abs/2013MNRAS.tmp.1197S},
  adsnote = {Provided by the SAO/NASA Astrophysics Data System}
}

@ARTICLE{dillon_et_al2013a,
   author = {{Dillon}, J.~S. and {Liu}, A. and {Tegmark}, M.},
    title = "{A fast method for power spectrum and foreground analysis for 21 cm cosmology}",
  journal = {\prd},
archivePrefix = "arXiv",
   eprint = {1211.2232},
 primaryClass = "astro-ph.CO",
 keywords = {Observation and data reduction techniques; computer modeling and simulation, Mathematical procedures and computer techniques, Cosmology, Observational cosmology},
     year = 2013,
    month = feb,
   volume = 87,
   number = 4,
      eid = {043005},
    pages = {043005},
      doi = {10.1103/PhysRevD.87.043005},
   adsurl = {http://adsabs.harvard.edu/abs/2013PhRvD..87d3005D},
  adsnote = {Provided by the SAO/NASA Astrophysics Data System}
}

@ARTICLE{liu_tegmark2011,
   author = {{Liu}, A. and {Tegmark}, M.},
    title = "{A method for 21 cm power spectrum estimation in the presence of foregrounds}",
  journal = {\prd},
archivePrefix = "arXiv",
   eprint = {1103.0281},
 primaryClass = "astro-ph.CO",
 keywords = {Observation and data reduction techniques; computer modeling and simulation, Mathematical procedures and computer techniques, Observational cosmology},
     year = 2011,
    month = may,
   volume = 83,
   number = 10,
      eid = {103006},
    pages = {103006},
      doi = {10.1103/PhysRevD.83.103006},
   adsurl = {http://adsabs.harvard.edu/abs/2011PhRvD..83j3006L},
  adsnote = {Provided by the SAO/NASA Astrophysics Data System}
}

@ARTICLE{tegmark_et_al1998,
   author = {{Tegmark}, M. and {Hamilton}, A.~J.~S. and {Strauss}, M.~A. and 
    {Vogeley}, M.~S. and {Szalay}, A.~S.},
    title = "{Measuring the Galaxy Power Spectrum with Future Redshift Surveys}",
  journal = {\apj},
   eprint = {arXiv:astro-ph/9708020},
 keywords = {GALAXIES: DISTANCES AND REDSHIFTS, GALAXIES: PHOTOMETRY, METHODS: NUMERICAL},
     year = 1998,
    month = may,
   volume = 499,
    pages = {555},
      doi = {10.1086/305663},
   adsurl = {http://adsabs.harvard.edu/abs/1998ApJ...499..555T},
  adsnote = {Provided by the SAO/NASA Astrophysics Data System}
}

@ARTICLE{jacobs_et_al2013,
   author = {{Jacobs}, D.~C. and {Aguirre}, J.~E. and {Parsons}, A.~R. and 
    {Pober}, J.~C. and {Bradley}, R.~F. and {Carilli}, C.~L. and 
    {Gugliucci}, N.~E. and {Manley}, J.~R. and {van der Merwe}, C. and 
    {Moore}, D.~F. and {Parashare}, C.~R.},
    title = "{The Reionization Flux Scale in the Southern Sky}",
  journal = {ArXiv e-prints},
archivePrefix = "arXiv",
   eprint = {XXX.XXX},
 primaryClass = "astro-ph.CO",
 keywords = {Astrophysics - Cosmology and Extragalactic Astrophysics},
     year = 2013,
    month = apr,
   adsurl = {http://adsabs.harvard.edu/abs/2012arXiv1212.1624S},
  adsnote = {Provided by the SAO/NASA Astrophysics Data System}
}

@ARTICLE{tegmark1997,
   author = {{Tegmark}, M.},
    title = "{How to measure CMB power spectra without losing information}",
  journal = {\prd},
   eprint = {arXiv:astro-ph/9611174},
 keywords = {Background radiations, Origin and formation of the Universe, Observational cosmology},
     year = 1997,
    month = may,
   volume = 55,
    pages = {5895-5907},
      doi = {10.1103/PhysRevD.55.5895},
   adsurl = {http://adsabs.harvard.edu/abs/1997PhRvD..55.5895T},
  adsnote = {Provided by the SAO/NASA Astrophysics Data System}
}

@ARTICLE{pritchard_loeb2010,
   author = {{Pritchard}, J.~R. and {Loeb}, A.},
    title = "{Constraining the unexplored period between the dark ages and reionization with observations of the global 21 cm signal}",
  journal = {\prd},
archivePrefix = "arXiv",
   eprint = {1005.4057},
 primaryClass = "astro-ph.CO",
 keywords = {Background radiations, Dark matter, Characteristics and properties of external galaxies and extragalactic objects},
     year = 2010,
    month = jul,
   volume = 82,
   number = 2,
      eid = {023006},
    pages = {023006},
      doi = {10.1103/PhysRevD.82.023006},
   adsurl = {http://adsabs.harvard.edu/abs/2010PhRvD..82b3006P},
  adsnote = {Provided by the SAO/NASA Astrophysics Data System}
}

@ARTICLE{mcquinn_oleary2012,
   author = {{McQuinn}, M. and {O'Leary}, R.~M.},
    title = "{The Impact of the Supersonic Baryon-Dark Matter Velocity Difference on the z \~{} 20 21 cm Background}",
  journal = {\apj},
archivePrefix = "arXiv",
   eprint = {1204.1345},
 primaryClass = "astro-ph.CO",
 keywords = {cosmology: theory, dark ages, reionization, first stars, galaxies: formation, galaxies: high-redshift, stars: Population III},
     year = 2012,
    month = nov,
   volume = 760,
      eid = {3},
    pages = {3},
      doi = {10.1088/0004-637X/760/1/3},
   adsurl = {http://adsabs.harvard.edu/abs/2012ApJ...760....3M},
  adsnote = {Provided by the SAO/NASA Astrophysics Data System}
}

@ARTICLE{ord_et_al2010,
   author = {{Ord}, S.~M. and {Mitchell}, D.~A. and {Wayth}, R.~B. and {Greenhill}, L.~J. and 
    {Bernardi}, G. and {Gleadow}, S. and {Edgar}, R.~G. and {Clark}, M.~A. and 
    {Allen}, G. and {Arcus}, W. and {Benkevitch}, L. and {Bowman}, J.~D. and 
    {Briggs}, F.~H. and {Bunton}, J.~D. and {Burns}, S. and {Cappallo}, R.~J. and 
    {Coles}, W.~A. and {Corey}, B.~E. and {Desouza}, L. and {Doeleman}, S.~S. and 
    {Derome}, M. and {Deshpande}, A. and {Emrich}, D. and {Goeke}, R. and 
    {Gopalakrishna}, M.~R. and {Herne}, D. and {Hewitt}, J.~N. and 
    {Kamini}, P.~A. and {Kaplan}, D.~L. and {Kasper}, J.~C. and 
    {Kincaid}, B.~B. and {Kocz}, J. and {Kowald}, E. and {Kratzenberg}, E. and 
    {Kumar}, D. and {Lonsdale}, C.~J. and {Lynch}, M.~J. and {McWhirter}, S.~R. and 
    {Madhavi}, S. and {Matejek}, M. and {Morales}, M.~F. and {Morgan}, E. and 
    {Oberoi}, D. and {Pathikulangara}, J. and {Prabu}, T. and {Rogers}, A.~E.~E. and 
    {Roshi}, A. and {Salah}, J.~E. and {Schinkel}, A. and {Udaya Shankar}, N. and 
    {Srivani}, K.~S. and {Stevens}, J. and {Tingay}, S.~J. and {Vaccarella}, A. and 
    {Waterson}, M. and {Webster}, R.~L. and {Whitney}, A.~R. and 
    {Williams}, A. and {Williams}, C.},
    title = "{Interferometric Imaging with the 32 Element Murchison Wide-Field Array}",
  journal = {\pasp},
archivePrefix = "arXiv",
   eprint = {1010.1733},
 primaryClass = "astro-ph.IM",
 keywords = {Astronomical Techniques},
     year = 2010,
    month = nov,
   volume = 122,
    pages = {1353-1366},
      doi = {10.1086/657160},
   adsurl = {http://adsabs.harvard.edu/abs/2010PASP..122.1353O},
  adsnote = {Provided by the SAO/NASA Astrophysics Data System}
}

@ARTICLE{dillon_et_al2013b,
   author = {{Dillon}, J.~S. and {Liu}, A. and {Tegmark}, M. and
    {Bernardi}, G. and {Gleadow}, S. and {Edgar}, R.~G. and {Clark}, M.~A. and 
    {Allen}, G. and {Arcus}, W. and {Benkevitch}, L. and {Bowman}, J.~D. and 
    {Briggs}, F.~H. and {Bunton}, J.~D. and {Burns}, S. and {Cappallo}, R.~J. and 
    {Coles}, W.~A. and {Corey}, B.~E. and {Desouza}, L. and {Doeleman}, S.~S. and 
    {Derome}, M. and {Deshpande}, A. and {Emrich}, D. and {Goeke}, R. and 
    {Gopalakrishna}, M.~R. and {Herne}, D. and {Hewitt}, J.~N. and 
    {Kamini}, P.~A. and {Kaplan}, D.~L. and {Kasper}, J.~C. and 
    {Kincaid}, B.~B. and {Kocz}, J. and {Kowald}, E. and {Kratzenberg}, E. and 
    {Kumar}, D. and {Lonsdale}, C.~J. and {Lynch}, M.~J. and {McWhirter}, S.~R. and 
    {Madhavi}, S. and {Matejek}, M. and {Morales}, M.~F. and {Morgan}, E. and 
    {Oberoi}, D. and {Pathikulangara}, J. and {Prabu}, T. and {Rogers}, A.~E.~E. and 
    {Roshi}, A. and {Salah}, J.~E. and {Schinkel}, A. and {Udaya Shankar}, N. and 
    {Srivani}, K.~S. and {Stevens}, J. and {Tingay}, S.~J. and {Vaccarella}, A. and 
    {Waterson}, M. and {Webster}, R.~L. and {Whitney}, A.~R. and 
    {Williams}, A. and {Williams}, C.},
    title = "{Overcoming Real-World Obstacles in 21 cm Power Spectrum Estimation: A Demonstration and Results from Early Murchison Widefield Array Data}",
  journal = {ArXiv e-prints},
archivePrefix = "arXiv",
   eprint = {1304.4229},
 primaryClass = "astro-ph.CO",
 keywords = {Astrophysics - Cosmology and Extragalactic Astrophysics},
     year = 2013,
    month = apr,
   adsurl = {http://adsabs.harvard.edu/abs/2010PASP..122.1353O},
  adsnote = {Provided by the SAO/NASA Astrophysics Data System}
}

@ARTICLE{zaldarriaga_et_al2004,
   author = {{Zaldarriaga}, M. and {Furlanetto}, S.~R. and {Hernquist}, L.
    },
    title = "{21 Centimeter Fluctuations from Cosmic Gas at High Redshifts}",
  journal = {\apj},
   eprint = {arXiv:astro-ph/0311514},
 keywords = {Cosmology: Theory, Cosmology: Diffuse Radiation, Galaxies: Intergalactic Medium},
     year = 2004,
    month = jun,
   volume = 608,
    pages = {622-635},
      doi = {10.1086/386327},
   adsurl = {http://adsabs.harvard.edu/abs/2004ApJ...608..622Z},
  adsnote = {Provided by the SAO/NASA Astrophysics Data System}
}

@ARTICLE{planck_et_al2013,
   author = {{Planck Collaboration} and {Ade}, P.~A.~R. and {Aghanim}, N. and
    {Armitage-Caplan}, C. and {Arnaud}, M. and {Ashdown}, M. and
    {Atrio-Barandela}, F. and {Aumont}, J. and {Baccigalupi}, C. and
    {Banday}, A.~J. and et al.},
    title = "{Planck 2013 results. XVI. Cosmological parameters}",
  journal = {ArXiv e-prints},
archivePrefix = "arXiv",
   eprint = {1303.5076},
 primaryClass = "astro-ph.CO",
 keywords = {Astrophysics - Cosmology and Extragalactic Astrophysics},
     year = 2013,
    month = mar,
   adsurl = {http://adsabs.harvard.edu/abs/2013arXiv1303.5076P},
  adsnote = {Provided by the SAO/NASA Astrophysics Data System}
}

@ARTICLE{hirata2006,
   author = {{Hirata}, C.~M.},
    title = "{Wouthuysen-Field coupling strength and application to high-redshift 21-cm radiation}",
  journal = {\mnras},
   eprint = {arXiv:astro-ph/0507102},
 keywords = {radiative transfer-intergalactic medium},
     year = 2006,
    month = mar,
   volume = 367,
    pages = {259-274},
      doi = {10.1111/j.1365-2966.2005.09949.x},
   adsurl = {http://adsabs.harvard.edu/abs/2006MNRAS.367..259H},
  adsnote = {Provided by the SAO/NASA Astrophysics Data System}
}

@ARTICLE{wouthuysen1952,
   author = {{Wouthuysen}, S.~A.},
    title = "{On the excitation mechanism of the 21-cm (radio-frequency) interstellar hydrogen emission line.}",
  journal = {\aj},
     year = 1952,
   volume = 57,
    pages = {31-32},
      doi = {10.1086/106661},
   adsurl = {http://adsabs.harvard.edu/abs/1952AJ.....57R..31W},
  adsnote = {Provided by the SAO/NASA Astrophysics Data System}
}

@ARTICLE{hui_haiman2003,
   author = {{Hui}, L. and {Haiman}, Z.},
    title = "{The Thermal Memory of Reionization History}",
  journal = {\apj},
   eprint = {arXiv:astro-ph/0302439},
 keywords = {Cosmology: Cosmic Microwave Background, Cosmology: Theory, Galaxies: Intergalactic Medium, Galaxies: Quasars: Absorption Lines},
     year = 2003,
    month = oct,
   volume = 596,
    pages = {9-18},
      doi = {10.1086/377229},
   adsurl = {http://adsabs.harvard.edu/abs/2003ApJ...596....9H},
  adsnote = {Provided by the SAO/NASA Astrophysics Data System}
}

@ARTICLE{bouwens_et_al2010,
   author = {{Bouwens}, R.~J. and {Illingworth}, G.~D. and {Oesch}, P.~A. and 
    {Stiavelli}, M. and {van Dokkum}, P. and {Trenti}, M. and {Magee}, D. and 
    {Labb{\'e}}, I. and {Franx}, M. and {Carollo}, C.~M. and {Gonzalez}, V.
    },
    title = "{Discovery of z \~{} 8 Galaxies in the Hubble Ultra Deep Field from Ultra-Deep WFC3/IR Observations}",
  journal = {\apjl},
archivePrefix = "arXiv",
   eprint = {0909.1803},
 primaryClass = "astro-ph.CO",
 keywords = {galaxies: evolution, galaxies: high-redshift},
     year = 2010,
    month = feb,
   volume = 709,
    pages = {L133-L137},
      doi = {10.1088/2041-8205/709/2/L133},
   adsurl = {http://adsabs.harvard.edu/abs/2010ApJ...709L.133B},
  adsnote = {Provided by the SAO/NASA Astrophysics Data System}
}

@ARTICLE{schenker_et_al2012,
   author = {{Schenker}, M.~A. and {Robertson}, B.~E. and {Ellis}, R.~S. and 
    {Ono}, Y. and {McLure}, R.~J. and {Dunlop}, J.~S. and {Koekemoer}, A. and 
    {Bowler}, R.~A.~A. and {Ouchi}, M. and {Curtis-Lake}, E. and 
    {Rogers}, A.~B. and {Schneider}, E. and {Charlot}, S. and {Stark}, D.~P. and 
    {Furlanetto}, S.~R. and {Cirasuolo}, M.},
    title = "{The UV Luminosity Function of Star-forming Galaxies via Dropout Selection at Redshifts z \~{} 7 and 8 from the 2012 Ultra Deep Field Campaign}",
  journal = {\apj},
archivePrefix = "arXiv",
   eprint = {1212.4819},
 primaryClass = "astro-ph.CO",
 keywords = {dark ages, reionization, first stars, galaxies: evolution, galaxies: formation },
     year = 2013,
    month = may,
   volume = 768,
      eid = {196},
    pages = {196},
      doi = {10.1088/0004-637X/768/2/196},
   adsurl = {http://adsabs.harvard.edu/abs/2013ApJ...768..196S},
  adsnote = {Provided by the SAO/NASA Astrophysics Data System}
}

@ARTICLE{morales_wyithe2010,
   author = {{Morales}, M.~F. and {Wyithe}, J.~S.~B.},
    title = "{Reionization and Cosmology with 21-cm Fluctuations}",
  journal = {\araa},
archivePrefix = "arXiv",
   eprint = {0910.3010},
 primaryClass = "astro-ph.CO",
     year = 2010,
    month = sep,
   volume = 48,
    pages = {127-171},
      doi = {10.1146/annurev-astro-081309-130936},
   adsurl = {http://adsabs.harvard.edu/abs/2010ARA%26A..48..127M},
  adsnote = {Provided by the SAO/NASA Astrophysics Data System}
}

@ARTICLE{pritchard_loeb2012,
   author = {{Pritchard}, J.~R. and {Loeb}, A.},
    title = "{21 cm cosmology in the 21st century}",
  journal = {Reports on Progress in Physics},
archivePrefix = "arXiv",
   eprint = {1109.6012},
 primaryClass = "astro-ph.CO",
     year = 2012,
    month = aug,
   volume = 75,
   number = 8,
      eid = {086901},
    pages = {086901},
      doi = {10.1088/0034-4885/75/8/086901},
   adsurl = {http://adsabs.harvard.edu/abs/2012RPPh...75h6901P},
  adsnote = {Provided by the SAO/NASA Astrophysics Data System}
}

@ARTICLE{mesinger_et_al2013,
   author = {{Mesinger}, A. and {Ferrara}, A. and {Spiegel}, D.~S.},
    title = "{Signatures of X-rays in the early Universe}",
  journal = {\mnras},
archivePrefix = "arXiv",
   eprint = {1210.7319},
 primaryClass = "astro-ph.CO",
 keywords = {intergalactic medium, cosmology: theory, early Universe, dark ages, reionization, first stars, X-rays: galaxies},
     year = 2013,
    month = may,
   volume = 431,
    pages = {621-637},
      doi = {10.1093/mnras/stt198},
   adsurl = {http://adsabs.harvard.edu/abs/2013MNRAS.431..621M},
  adsnote = {Provided by the SAO/NASA Astrophysics Data System}
}

@ARTICLE{chen_et_al2004,
   author = {{Chen}, X. and {Miralda-Escud{\'e}}, J.},
    title = "{The Spin-Kinetic Temperature Coupling and the Heating Rate due to Ly{$\alpha$} Scattering before Reionization: Predictions for 21 Centimeter Emission and Absorption}",
  journal = {\apj},
   eprint = {arXiv:astro-ph/0303395},
 keywords = {Cosmology: Cosmic Microwave Background, Cosmology: Theory, Cosmology: Diffuse Radiation, Galaxies: Intergalactic Medium, Line: Formation, Radio Lines: General},
     year = 2004,
    month = feb,
   volume = 602,
    pages = {1-11},
      doi = {10.1086/380829},
   adsurl = {http://adsabs.harvard.edu/abs/2004ApJ...602....1C},
  adsnote = {Provided by the SAO/NASA Astrophysics Data System}
}

@ARTICLE{tanaka_et_al2012,
   author = {{Tanaka}, T. and {Perna}, R. and {Haiman}, Z.},
    title = "{X-ray emission from high-redshift miniquasars: self-regulating the population of massive black holes through global warming}",
  journal = {\mnras},
archivePrefix = "arXiv",
   eprint = {1205.6467},
 primaryClass = "astro-ph.CO",
 keywords = {black hole physics, gravitational waves, galaxies: formation, quasars: general, cosmology: theory},
     year = 2012,
    month = oct,
   volume = 425,
    pages = {2974-2987},
      doi = {10.1111/j.1365-2966.2012.21539.x},
   adsurl = {http://adsabs.harvard.edu/abs/2012MNRAS.425.2974T},
  adsnote = {Provided by the SAO/NASA Astrophysics Data System}
}

@ARTICLE{madau_et_al2004,
   author = {{Madau}, P. and {Rees}, M.~J. and {Volonteri}, M. and {Haardt}, F. and 
    {Oh}, S.~P.},
    title = "{Early Reionization by Miniquasars}",
  journal = {\apj},
   eprint = {arXiv:astro-ph/0310223},
 keywords = {Black Hole Physics, Cosmology: Theory, Galaxies: Evolution, Galaxies: Intergalactic Medium, Galaxies: Quasars: General},
     year = 2004,
    month = apr,
   volume = 604,
    pages = {484-494},
      doi = {10.1086/381935},
   adsurl = {http://adsabs.harvard.edu/abs/2004ApJ...604..484M},
  adsnote = {Provided by the SAO/NASA Astrophysics Data System}
}

@ARTICLE{ricotti_ostriker2004,
   author = {{Ricotti}, M. and {Ostriker}, J.~P.},
    title = "{X-ray pre-ionization powered by accretion on the first black holes - I. A model for the WMAP polarization measurement}",
  journal = {\mnras},
   eprint = {arXiv:astro-ph/0311003},
 keywords = {methods: numerical, cosmology: theory},
     year = 2004,
    month = aug,
   volume = 352,
    pages = {547-562},
      doi = {10.1111/j.1365-2966.2004.07942.x},
   adsurl = {http://adsabs.harvard.edu/abs/2004MNRAS.352..547R},
  adsnote = {Provided by the SAO/NASA Astrophysics Data System}
}

@ARTICLE{mirabel_et_al2011,
   author = {{Mirabel}, I.~F. and {Dijkstra}, M. and {Laurent}, P. and {Loeb}, A. and 
    {Pritchard}, J.~R.},
    title = "{Stellar black holes at the dawn of the universe}",
  journal = {\aap},
archivePrefix = "arXiv",
   eprint = {1102.1891},
 primaryClass = "astro-ph.CO",
 keywords = {X-rays: binaries, black hole physics, dark ages, reionization, first stars, cosmology: miscellaneous, intergalactic medium},
     year = 2011,
    month = apr,
   volume = 528,
      eid = {A149},
    pages = {A149},
      doi = {10.1051/0004-6361/201016357},
   adsurl = {http://adsabs.harvard.edu/abs/2011A%26A...528A.149M},
  adsnote = {Provided by the SAO/NASA Astrophysics Data System}
}

@ARTICLE{liu_et_al2012,
   author = {{Liu}, A. and {Pritchard}, J.~R. and {Tegmark}, M. and {Loeb}, A.
    },
    title = "{Global 21 cm signal experiments: A designer's guide}",
  journal = {\prd},
archivePrefix = "arXiv",
   eprint = {1211.3743},
 primaryClass = "astro-ph.CO",
 keywords = {Observation and data reduction techniques; computer modeling and simulation, Mathematical procedures and computer techniques, Cosmology, Observational cosmology},
     year = 2013,
    month = feb,
   volume = 87,
   number = 4,
      eid = {043002},
    pages = {043002},
      doi = {10.1103/PhysRevD.87.043002},
   adsurl = {http://adsabs.harvard.edu/abs/2013PhRvD..87d3002L},
  adsnote = {Provided by the SAO/NASA Astrophysics Data System}
}

@ARTICLE{switzer_et_al2013,
   author = {{Switzer}, E.~R. and {Masui}, K.~W. and {Bandura}, K. and {Calin}, 
L.-M. and
    {Chang}, T.-C. and {Chen}, X.-L. and {Li}, Y.-C. and {Liao}, Y.-W. and
    {Natarajan}, A. and {Pen}, U.-L. and {Peterson}, J.~B. and {Shaw}, J.~R. and 
    {Voytek}, T.~C.},
    title = "{Determination of z\~{}0.8 neutral hydrogen fluctuations using the 21 cm intensity mapping autocorrelation}",
  journal = {\mnras},
archivePrefix = "arXiv",
   eprint = {1304.3712},
 primaryClass = "astro-ph.CO",
 keywords = {galaxies: evolution, large-scale structure of universe, radio lines: galaxies},
     year = 2013,
    month = jun,
      doi = {10.1093/mnrasl/slt074},
   adsurl = {http://adsabs.harvard.edu/abs/2013MNRAS.tmpL.125S},
  adsnote = {Provided by the SAO/NASA Astrophysics Data System}
}

@ARTICLE{masui_et_al2013,
   author = {{Masui}, K.~W. and {Switzer}, E.~R. and {Banavar}, N. and {Bandura}, K. and
    {Blake}, C. and {Calin}, L.-M. and {Chang}, T.-C. and {Chen}, X. and
    {Li}, Y.-C. and {Liao}, Y.-W. and {Natarajan}, A. and {Pen}, U.-L. and
    {Peterson}, J.~B. and {Shaw}, J.~R. and {Voytek}, T.~C.},
    title = "{Measurement of 21 cm Brightness Fluctuations at z \~{} 0.8 in Cross-correlation}",
  journal = {\apjl},
archivePrefix = "arXiv",
   eprint = {1208.0331},
 primaryClass = "astro-ph.CO", keywords = {galaxies: evolution, large-scale structure of universe, radio lines
: galaxies},
     year = 2013,    
    month = jan,
   volume = 763,
      eid = {L20},
    pages = {L20},
      doi = {10.1088/2041-8205/763/1/L20},
   adsurl = {http://adsabs.harvard.edu/abs/2013ApJ...763L..20M},  adsnote = {Provided by the SAO/NASA Astrophysics Data System}
}

@ARTICLE{courtois_et_al2013,
   author = {{Courtois}, H.~M. and {Pomarede}, D. and {Tully}, R.~B. and
    {Hoffman}, Y. and {Courtois}, D.},
    title = "{Cosmography of the Local Universe}",
  journal = {ArXiv e-prints},
archivePrefix = "arXiv",
   eprint = {1306.0091},
 primaryClass = "astro-ph.CO",
 keywords = {Astrophysics - Cosmology and Extragalactic Astrophysics},
     year = 2013,    month = jun,
   adsurl = {http://adsabs.harvard.edu/abs/2013arXiv1306.0091C},
  adsnote = {Provided by the SAO/NASA Astrophysics Data System}}A

@ARTICLE{pober_et_al2013a,
   author = {{Pober}, J.~C. and {Parsons}, A.~R. and {DeBoer}, D.~R. and 
    {McDonald}, P. and {McQuinn}, M. and {Aguirre}, J.~E. and {Ali}, Z. and 
    {Bradley}, R.~F. and {Chang}, T.-C. and {Morales}, M.~F.},
    title = "{The Baryon Acoustic Oscillation Broadband and Broad-beam Array: Design Overview and Sensitivity Forecasts}",
  journal = {\aj},
archivePrefix = "arXiv",
   eprint = {1210.2413},
 primaryClass = "astro-ph.CO",
 keywords = {cosmological parameters, distance scale, instrumentation: interferometers, large-scale structure of universe, techniques: interferometric },
     year = 2013,
    month = mar,
   volume = 145,
      eid = {65},
    pages = {65},
      doi = {10.1088/0004-6256/145/3/65},
   adsurl = {http://adsabs.harvard.edu/abs/2013AJ....145...65P},
  adsnote = {Provided by the SAO/NASA Astrophysics Data System}
}

@ARTICLE{pritchard_review,
   author = {{Pritchard}, J.~R. and {Loeb}, A.},
    title = "{21-cm cosmology}",
  journal = {ArXiv e-prints},
archivePrefix = "arXiv",
   eprint = {1109.6012},
 primaryClass = "astro-ph.CO",
 keywords = {Astrophysics - Cosmology and Extragalactic Astrophysics},
     year = 2011,
    month = sep,
   adsurl = {http://adsabs.harvard.edu/abs/2011arXiv1109.6012P},
  adsnote = {Provided by the SAO/NASA Astrophysics Data System}
}

@ARTICLE{chang_bao,
   author = {{Chang}, T.-C. and {Pen}, U.-L. and {Peterson}, J.~B. and {McDonald}, P.
    },
    title = "{Baryon Acoustic Oscillation Intensity Mapping of Dark Energy}",
  journal = {Physical Review Letters},
archivePrefix = "arXiv",
   eprint = {0709.3672},
 keywords = {Dark energy, Observational cosmology},
     year = 2008,
    month = mar,
   volume = 100,
   number = 9,
    pages = {091303-+},
      doi = {10.1103/PhysRevLett.100.091303},
   adsurl = {http://adsabs.harvard.edu/abs/2008PhRvL.100i1303C},
  adsnote = {Provided by the SAO/NASA Astrophysics Data System}
}

@ARTICLE{wyithe_bao,
   author = {{Wyithe}, J.~S.~B. and {Loeb}, A. and {Geil}, P.~M.},
    title = "{Baryonic acoustic oscillations in 21-cm emission: a probe of dark energy out to high redshifts}",
  journal = {\mnras},
 keywords = {galaxies: high-redshift , intergalactic medium , cosmology: theory , diffuse radiation , large-scale structure of Universe},
     year = 2008,
    month = jan,
   volume = 383,
    pages = {1195-1209},
      doi = {10.1111/j.1365-2966.2007.12631.x},
   adsurl = {http://adsabs.harvard.edu/abs/2008MNRAS.383.1195W},
  adsnote = {Provided by the SAO/NASA Astrophysics Data System}
}


@ARTICLE{morales_et_al2012,
   author = {{Morales}, M.~F. and {Hazelton}, B. and {Sullivan}, I. and {Beardsley}, A.
    },
    title = "{Four Fundamental Foreground Power Spectrum Shapes for 21 cm Cosmology Observations}",
  journal = {\apj},
archivePrefix = "arXiv",
   eprint = {1202.3830},
 primaryClass = "astro-ph.IM",
 keywords = {cosmology: observations, methods: data analysis, techniques: interferometric},
     year = 2012,
    month = jun,
   volume = 752,
      eid = {137},
    pages = {137},
      doi = {10.1088/0004-637X/752/2/137},
   adsurl = {http://adsabs.harvard.edu/abs/2012ApJ...752..137M},
  adsnote = {Provided by the SAO/NASA Astrophysics Data System}
}

@ARTICLE{chang_et_al2010,
   author = {{Chang}, T.-C. and {Pen}, U.-L. and {Bandura}, K. and {Peterson}, J.~B.
    },
    title = "{An intensity map of hydrogen 21-cm emission at redshift z\~{}0.8}",
  journal = {\nat},
     year = 2010,
    month = jul,
   volume = 466,
    pages = {463-465},
      doi = {10.1038/nature09187},
   adsurl = {http://adsabs.harvard.edu/abs/2010Natur.466..463C},
  adsnote = {Provided by the SAO/NASA Astrophysics Data System}
}

@ARTICLE{pober_et_al2013b,
   author = {{Pober}, J.~C. and {Parsons}, A.~R. and {Aguirre}, J.~E. and 
    {Ali}, Z. and {Bradley}, R.~F. and {Carilli}, C.~L. and {DeBoer}, D. and 
    {Dexter}, M. and {Gugliucci}, N.~E. and {Jacobs}, D.~C. and 
    {Klima}, P.~J. and {MacMahon}, D. and {Manley}, J. and {Moore}, D.~F. and 
    {Stefan}, I.~I. and {Walbrugh}, W.~P.},
    title = "{Opening the 21 cm Epoch of Reionization Window: Measurements of Foreground Isolation with PAPER}",
  journal = {\apjl},
archivePrefix = "arXiv",
   eprint = {1301.7099},
 primaryClass = "astro-ph.CO",
 keywords = {cosmology: observations, dark ages, reionization, first stars, techniques: interferometric},
     year = 2013,
    month = may,
   volume = 768,
      eid = {L36},
    pages = {L36},
      doi = {10.1088/2041-8205/768/2/L36},
   adsurl = {http://adsabs.harvard.edu/abs/2013ApJ...768L..36P},
  adsnote = {Provided by the SAO/NASA Astrophysics Data System}
}

@ARTICLE{parsons_et_al2013,
   author = {{Parsons}, A.~R. and {Liu}, A. and {Aguirre}, J.~E. and {Ali}, Z.~S. and 
    {Bradley}, R.~F. and {Carilli}, C.~L. and {DeBoer}, D.~R. and 
    {Dexter}, M.~R. and {Gugliucci}, N.~E. and {Jacobs}, D.~C. and 
    {Klima}, P. and {MacMahon}, D.~H.~E. and {Manley}, J.~R. and 
    {Moore}, D.~F. and {Pober}, J.~C. and {Stefan}, I.~I. and {Walbrugh}, W.~P.
    },
    title = "{New Limits on 21cm EoR From PAPER-32 Consistent with an X-Ray Heated IGM at z=7.7}",
  journal = {ArXiv e-prints},
archivePrefix = "arXiv",
   eprint = {1304.4991},
 primaryClass = "astro-ph.CO",
 keywords = {Astrophysics - Cosmology and Extragalactic Astrophysics, Astrophysics - Instrumentation and Methods for Astrophysics},
     year = 2013,
    month = apr,
   adsurl = {http://adsabs.harvard.edu/abs/2013arXiv1304.4991P},
  adsnote = {Provided by the SAO/NASA Astrophysics Data System}
}

@article{Morales:2010p4786,
author = {Miguel Morales and J Wyithe},
journal = {Annual Review of Astronomy and Astrophysics},
title = {Reionization and Cosmology with 21-cm Fluctuations},
pages = {127--171},
volume = {48},
year = {2010},
month = {Sep},
language = {en},
date-added = {2011-06-02 11:59:14 -0700},
date-modified = {2011-06-02 17:43:03 -0700},
doi = {doi:10.1146/annurev-astro-081309-130936},
URL = {http://adsabs.harvard.edu/abs/2010ARA%2526A..48..127M},
local-url = {file://localhost/Volumes/miguel.f.morales/Documents/Papers/Annual%20Review%20of%20Astronomy%20and%20Astrophysics%202010%20Morales.pdf},
uri = {papers://DFE1617F-A133-478C-B28B-7AFF8D228C27/Paper/p4786},
rating = {0}
}

@ARTICLE{barkana_loeb2007,
   author = {{Barkana}, R. and {Loeb}, A.},
    title = "{The physics and early history of the intergalactic medium}",
  journal = {Reports on Progress in Physics},
   eprint = {arXiv:astro-ph/0611541},
     year = 2007,
    month = apr,
   volume = 70,
    pages = {627-657},
      doi = {10.1088/0034-4885/70/4/R02},
   adsurl = {http://adsabs.harvard.edu/abs/2007RPPh...70..627B},
  adsnote = {Provided by the SAO/NASA Astrophysics Data System}
}

@ARTICLE{bowman_rogers2010,
   author = {{Bowman}, J.~D. and {Rogers}, A.~E.~E.},
    title = "{A lower limit of {$\Delta$}z>0.06 for the duration of the reionization epoch}",
  journal = {\nat},
     year = 2010,
    month = dec,
   volume = 468,
    pages = {796-798},
      doi = {10.1038/nature09601},
   adsurl = {http://adsabs.harvard.edu/abs/2010Natur.468..796B},
  adsnote = {Provided by the SAO/NASA Astrophysics Data System}
}

@ARTICLE{santos_et_al2010,
   author = {{Santos}, M.~G. and {Ferramacho}, L. and {Silva}, M.~B. and
    {Amblard}, A. and {Cooray}, A.},
    title = "{Fast large volume simulations of the 21-cm signal from the reionization and pre-reionization epochs}",
  journal = {\mnras},
archivePrefix = "arXiv",
   eprint = {0911.2219},
 primaryClass = "astro-ph.CO",
 keywords = {methods: numerical, cosmology: theory, early Universe, large-scale structure of Universe},
     year = 2010,
    month = aug,
   volume = 406,
    pages = {2421-2432},
      doi = {10.1111/j.1365-2966.2010.16898.x},
   adsurl = {http://adsabs.harvard.edu/abs/2010MNRAS.406.2421S},
  adsnote = {Provided by the SAO/NASA Astrophysics Data System}
}

@ARTICLE{wyithe_loeb2004,
   author = {{Wyithe}, J.~S.~B. and {Loeb}, A.},
    title = "{A characteristic size of \~{}10Mpc for the ionized bubbles at the end of cosmic reionization}",
  journal = {\nat},
     year = 2004,
    month = nov,
   volume = 432,
    pages = {194-196},
      doi = {10.1038/nature03033},
   adsurl = {http://adsabs.harvard.edu/abs/2004Natur.432..194W},
  adsnote = {Provided by the SAO/NASA Astrophysics Data System}
}

@ARTICLE{zahn_et_al2012,
   author = {{Zahn}, O. and {Reichardt}, C.~L. and {Shaw}, L. and {Lidz}, A. and 
    {Aird}, K.~A. and {Benson}, B.~A. and {Bleem}, L.~E. and {Carlstrom}, J.~E. and 
    {Chang}, C.~L. and {Cho}, H.~M. and {Crawford}, T.~M. and {Crites}, A.~T. and 
    {de Haan}, T. and {Dobbs}, M.~A. and {Dor{\'e}}, O. and {Dudley}, J. and 
    {George}, E.~M. and {Halverson}, N.~W. and {Holder}, G.~P. and 
    {Holzapfel}, W.~L. and {Hoover}, S. and {Hou}, Z. and {Hrubes}, J.~D. and 
    {Joy}, M. and {Keisler}, R. and {Knox}, L. and {Lee}, A.~T. and 
    {Leitch}, E.~M. and {Lueker}, M. and {Luong-Van}, D. and {McMahon}, J.~J. and 
    {Mehl}, J. and {Meyer}, S.~S. and {Millea}, M. and {Mohr}, J.~J. and 
    {Montroy}, T.~E. and {Natoli}, T. and {Padin}, S. and {Plagge}, T. and 
    {Pryke}, C. and {Ruhl}, J.~E. and {Schaffer}, K.~K. and {Shirokoff}, E. and 
    {Spieler}, H.~G. and {Staniszewski}, Z. and {Stark}, A.~A. and 
    {Story}, K. and {van Engelen}, A. and {Vanderlinde}, K. and 
    {Vieira}, J.~D. and {Williamson}, R.},
    title = "{Cosmic Microwave Background Constraints on the Duration and Timing of Reionization from the South Pole Telescope}",
  journal = {\apj},
archivePrefix = "arXiv",
   eprint = {1111.6386},
 primaryClass = "astro-ph.CO",
 keywords = {cosmology: theory, intergalactic medium, large-scale structure of universe},
     year = 2012,
    month = sep,
   volume = 756,
      eid = {65},
    pages = {65},
      doi = {10.1088/0004-637X/756/1/65},
   adsurl = {http://adsabs.harvard.edu/abs/2012ApJ...756...65Z},
  adsnote = {Provided by the SAO/NASA Astrophysics Data System}
}

@ARTICLE{burns_et_al2012,
   author = {{Burns}, J.~O. and {Lazio}, J. and {Bale}, S. and {Bowman}, J. and 
    {Bradley}, R. and {Carilli}, C. and {Furlanetto}, S. and {Harker}, G. and 
    {Loeb}, A. and {Pritchard}, J.},
    title = "{Probing the first stars and black holes in the early Universe with the Dark Ages Radio Explorer (DARE)}",
  journal = {Advances in Space Research},
archivePrefix = "arXiv",
   eprint = {1106.5194},
 primaryClass = "astro-ph.CO",
     year = 2012,
    month = feb,
   volume = 49,
    pages = {433-450},
      doi = {10.1016/j.asr.2011.10.014},
   adsurl = {http://adsabs.harvard.edu/abs/2012AdSpR..49..433B},
  adsnote = {Provided by the SAO/NASA Astrophysics Data System}
}

@ARTICLE{greenhill_bernardi2012,
   author = {{Greenhill}, L.~J. and {Bernardi}, G.},
    title = "{HI Epoch of Reionization Arrays}",
  journal = {ArXiv e-prints},
archivePrefix = "arXiv",
   eprint = {1201.1700},
 primaryClass = "astro-ph.CO",
 keywords = {Astrophysics - Cosmology and Extragalactic Astrophysics, Astrophysics - Instrumentation and Methods for Astrophysics},
     year = 2012,
    month = jan,
   adsurl = {http://adsabs.harvard.edu/abs/2012arXiv1201.1700G},
  adsnote = {Provided by the SAO/NASA Astrophysics Data System}
}

